2754 4380
495 591 602 633 rursu
622 591 734 633 ΒΔῊΒΔ
758 590 873 638 ΡΙΠΗΔ.

508 1349 578 1390 nam
594 1329 710 1390 ‘Belle'
725 1327 785 1391 hoc
797 1339 903 1391 excute
918 1337 1035 1406 totum3

188 1433 273 1507 Quid
286 1454 346 1494 non
360 1434 442 1495 intus
456 1433 570 1495 habet?
593 1455 653 1495 non
666 1434 717 1494 hic
731 1444 776 1495 est
790 1435 957 1496 ilias'Acci

189 1538 283 1599 Ebria
295 1547 434 1600 veratro:
453 1557 514 1598 non
528 1538 553 1597 si
567 1559 627 1618 qua
640 1537 770 1619 elegidia
784 1538 868 1598 crudi

189 1645 353 1705 Dictarunt
367 1663 505 1725 proceres
516 1665 525 1719 ;
547 1663 608 1703 non
622 1643 768 1724 quicquid
781 1643 908 1723 denique
921 1642 1006 1703 lectis

189 1749 336 1810 Scribitur
349 1749 381 1808 in
395 1748 517 1810 citreis?
559 1747 702 1810 Calidum
715 1750 774 1809 scis
788 1769 899 1830 ponere
913 1768 1038 1809 sumen:

190 1854 255 1915 Seis
269 1854 410 1916 comitem
423 1853 613 1914 horridulum
628 1854 701 1916 trita
715 1855 826 1916 donare
839 1853 978 1915 lacerna:

188 1961 230 2021 Et
242 1981 359 2036 verum,
373 1959 485 2039 inquis,
501 1979 588 2034 ani03
612 1979 715 2020 verum
729 1959 804 2018 mihi
818 1958 919 2035 dicite,
934 1947 1044 2019 deme.
1078 1997 1085 2012 ι

189 2065 251 2138 Qui
265 2065 354 2147 pote?
367 2065 414 2126 vis
428 2063 550 2124 dicam?
568 2064 702 2145 nugaris,
718 2084 787 2123 cum
800 2063 866 2132 tibi,
882 2063 988 2139 Calue,

188 2169 319 2252 Pinguis
333 2167 519 2249 aqualiculus
532 2188 678 2248 propenso
692 2167 866 2248 sesquipede
879 2177 972 2256 expet.

217 2275 259 2337 ,Ο
273 2275 296 2335 J
298 2296 364 2347 ane,
380 2295 398 2334 a
411 2283 496 2355 tergo
509 2293 599 2352 quem
613 2272 698 2333 nulla
711 2272 827 2333 ciconia
839 2272 943 2353 pinsit,

190 2381 257 2442 Nec
271 2401 377 2440 manus
391 2377 540 2439 auriculas
553 2377 670 2438 imitata
683 2387 727 2438 est
740 2377 859 2438 mobilis
873 2377 968 2453 altas3

191 2485 259 2546 Nec
272 2485 397 2566 linguae,
413 2493 560 2564 quantum
570 2484 651 2546 sitiat
664 2483 747 2544 canis
760 2482 893 2564 Appula,
908 2481 1045 2543 tantum!
1149 2483 1188 2542 60

189 2591 264 2662 Vos,
280 2611 299 2650 ο
315 2588 468 2650 Patricius
481 2588 613 2670 sanguis,
628 2609 704 2668 quos
717 2587 820 2649 vivere
833 2587 879 2648 fas
893 2597 938 2649 est

191 2694 323 2775 Occipiti
337 2714 430 2769 coeco,
445 2693 567 2774 posticae
582 2694 729 2754 occurrite
742 2714 842 2754 sannae
856 2693 865 2753 i

189 2799 298 2871 “Quis
311 2799 416 2880 populi
429 2819 527 2859 sermo
540 2798 636 2860 est?'’
654 2798 722 2879 quis
735 2799 825 2870 enim,
841 2797 899 2858 uisi
913 2797 1047 2859 carmina
1060 2797 1145 2860 molli
1182 2805 1184 2810 '

191 2905 284 2966 Nunc
297 2905 421 2965 demum
435 2926 560 2965 numero
574 2904 677 2980 fluere,
692 2914 726 2962 ut
739 2924 793 2983 per
805 2902 882 2964 laeve
896 2924 1014 2964 severos

191 3009 339 3070 Effundat
347 3011 492 3092 junctura
505 3029 632 3090 ungues.
676 3006 741 3068 Scit
755 3007 874 3067 tendere
888 3009 1008 3068 versum

191 3114 264 3175 Non
278 3136 373 3191 secus,
388 3135 423 3175 ac
436 3114 462 3174 si
475 3112 564 3174 oculo
578 3112 729 3173 rubricam
744 3112 854 3193 dirigat
866 3133 936 3172 uno.

191 3219 263 3280 Sive
276 3240 351 3300 opus
365 3220 396 3279 in
410 3239 517 3294 mores,
531 3219 562 3277 in
576 3218 693 3294 luxum,
707 3218 738 3276 in
753 3217 881 3298 prandia
894 3236 1011 3297 regum,

193 3326 303 3387 Dicere
316 3346 361 3387 res
376 3323 505 3408 grandes
517 3333 619 3386 nostro
632 3325 683 3385 dat
698 3325 790 3384 Musa
805 3322 918 3383 Poetae.

1253 2783 1270 2812 Ιι.
