2754 4380
484 575 605 614 ‘Pnnsn
626 574 738 614 SA‘HRA
759 575 915 616 SECUNDA·

248 1105 329 1166 Ecce
342 1103 421 1182 avia,
434 1112 487 1164 ant
499 1113 633 1166 metuens
647 1103 752 1164 divum
768 1110 934 1178 matertera,
949 1103 1035 1164 cunis

208 1211 332 1271 Exemit
345 1231 483 1291 puerum,
498 1209 698 1288 frontemque,
713 1218 803 1288 atque
817 1208 877 1269 uda
890 1207 1000 1268 labella

208 1313 321 1375 Infami
335 1315 442 1397 digito,
457 1323 487 1376 et
499 1313 671 1375 lustralibus
684 1315 751 1373 ante
765 1312 868 1374 salivis

208 1420 330 1502 Expiat‚
344 1429 463 1481 urentes
476 1419 579 1480 oculos
592 1418 725 1479 inhibere
738 1417 852 1498 perita:

131 1573 139 1592 .
206 1525 292 1586 Tunc
306 1525 443 1586 manibus
452 1524 565 1604 quatit,
579 1533 609 1585 et
621 1544 704 1604 spem
719 1543 852 1584 macram
865 1523 1000 1605 supplice
1012 1533 1094 1602 voto,

208 1628 240 1690 N
242 1651 302 1691 unc
316 1630 415 1692 Licini
428 1630 460 1691 in
474 1649 607 1711 campos,
621 1649 702 1689 nunc
716 1627 819 1689 Crassi
832 1627 927 1689 mittit
940 1628 971 1688 iu
987 1630 1078 1690 aedes.

205 1740 229 1774 “
240 1735 335 1797 Hunc
347 1743 449 1818 optent
461 1755 605 1817 generum
618 1755 672 1795 rex
685 1743 714 1795 et
727 1734 850 1816 regina:
873 1733 980 1814 puellae

206 1846 228 1880 “
241 1841 337 1902 Hunc
350 1839 486 1923 rapiant!
509 1839 654 1920 quicquid
668 1838 831 1911 calcaverit
843 1837 904 1912 hic,
920 1859 988 1899 rosa
1001 1838 1088 1899 fiet.''

208 1947 268 2008 Ast
281 1967 337 2028 ego
351 1943 460 2006 nutrici
473 1965 534 2005 non
548 1945 659 2005 mando
671 1954 753 2019 vota,
768 1952 878 2025 negato

207 2051 331 2133 Jupiter
343 2050 410 2111 haec
424 2050 479 2125 illi,
495 2051 633 2129 quamvis
646 2059 675 2110 te
688 2048 788 2108 albata
801 2047 926 2128 rogarit.
1169 2053 1209 2109 40

251 2153 357 2215 Poscis
370 2174 457 2235 opem
471 2153 581 2230 nervis,
596 2172 763 2233 corpusque
775 2149 866 2212 fidele
880 2161 1027 2215 senectae:

208 2258 297 2334 Esto,
312 2279 367 2341 ege
378 2258 489 2320 !-Sed
503 2258 630 2340 grandes
644 2256 765 2338 patina,
780 2264 937 2336 tucetaque
951 2279 1052 2320 cressa

208 2365 352 2426 Annnere
364 2363 412 2424 his
425 2383 549 2444 superos
563 2372 696 2435 vetuere,
711 2361 735 2422 J
737 2381 885 2440 ovemque
898 2376 1065 2425 morantur.

243 2470 327 2531 ¹Rern
340 2480 455 2530 stmere
467 2478 594 2549 exoptas
607 2487 686 2528 coeso
699 2467 786 2539 bove,
802 2465 1051 2548 Mercuriumque

208 2575 345 2636 Arcessis
359 2573 514 2635 fibrt.-“
527 2574 579 2633 Da
591 2573 743 2634 fortunare
757 2581 888 2652 penates,

207 2686 230 2720 “
242 2682 294 2741 Da
306 2700 408 2761 pecus,
423 2688 454 2741 et
468 2678 608 2761 gregibus
624 2677 732 2739 foetum
745 2675 777 2737 !’'
792 2677 818 2722 ‘⁷’
848 2678 930 2752 Quo,
944 2676 1082 2759 pessime,
1098 2687 1207 2758 pactc;

207 2786 267 2846 Tot
280 2784 335 2845 tibi
349 2804 419 2845 cum
432 2783 463 2843 in
478 2782 610 2844 flammis
619 2782 760 2865 junicum
775 2792 895 2843 omenta
908 2783 1096 2863 liquescant?
1209 2821 1212 2826 ,

210 2892 253 2954 Et
265 2901 365 2950 tamen
378 2888 429 2949 hic
442 2887 529 2963 extis,
543 2896 572 2948 et
585 2886 686 2968 opimo
700 2887 821 2948 vincere
833 2887 911 2948 farto

210 2994 344 3056 Intendit
354 3000 429 3071 ;-“
440 2993 463 3056 J
465 3013 516 3053 em
529 2992 636 3054 crescit
650 3012 734 3072 eger,
744 2993 811 3073 jam
827 2992 935 3055 crescit
949 2993 1038 3068 ovile,

210 3108 233 3143 “
244 3101 268 3162 J
270 3121 318 3160 am
333 3099 463 3177 dubitur,
472 3100 546 3180 jam,
555 3096 795 3179 jam‚''-douec
808 3097 949 3179 deceptus
963 3108 993 3160 et
1005 3119 1110 3182 exspes
1171 3104 1210 3160 50

211 3203 424 3286 Nequicquam
437 3203 531 3266 fundo
546 3202 667 3285 suspirit
679 3223 822 3264 nummus
835 3202 866 3263 in
880 3203 952 3265 imo.
1006 3212 1009 3217 '
