2750 4378
522 555 524 559 ¹
553 583 635 622 seon
658 581 800 621 nonurn.

295 895 361 951 Aut
376 892 404 950 in
420 891 543 951 reducti
558 891 636 952 valle
651 890 851 973 mugientium

380 997 556 1076 Prospectat
571 1005 702 1056 errantes
717 1016 820 1077 greges
833 1016 841 1069 ;

298 1104 364 1161 Aut
379 1122 479 1181 pressa
492 1102 574 1181 puris
589 1101 679 1161 mella
692 1102 794 1162 condit
808 1099 959 1179 amphoris
972 1121 985 1171 ;¹

354 1183 358 1192 ⁵
378 1208 443 1266 Aut
455 1207 556 1266 tondet
569 1206 704 1266 infirmas
717 1226 788 1266 oves
801 1227 808 1264 z

300 1309 357 1370 Vel
371 1331 465 1391 quum
480 1311 621 1372 decorum
636 1310 758 1370 mitibus
773 1309 868 1390 pomis
883 1317 973 1388 caput

380 1413 555 1476 Autumnus
569 1415 648 1476 arvis
662 1413 781 1487 extulit,

302 1521 346 1580 Ut
360 1520 471 1601 gaudet
485 1519 607 1580 insitiva
621 1521 783 1599 decerpens
798 1539 884 1599 pyra,

380 1622 554 1684 Certantem
568 1635 598 1685 et
612 1644 703 1683 uvam
718 1642 868 1704 purpurae,

302 1728 372 1799 Qua
385 1739 555 1789 muneretur
568 1741 606 1805 te,
622 1729 749 1808 Priape!
772 1741 802 1787 et
816 1739 855 1799 te,
871 1735 952 1805 pater

385 1833 537 1913 Sylvane!
554 1844 635 1894 tutor
648 1833 767 1892 finium.

302 1940 389 2001 Libet
397 1941 510 2021 jacere,
525 1941 616 2001 modo
631 1941 686 2000 sub
701 1938 825 2018 antiqub
839 1938 917 2009 ilice,

387 2046 486 2105 Modo
499 2045 528 2104 in
546 2045 642 2106 tenaci
656 2046 810 2127 gramine:

306 2150 461 2209 Labuntur
475 2149 542 2208 altis
556 2150 674 2210 interim
689 2149 760 2230 ripis
775 2171 874 2230 aquae,

385 2253 560 2324 Queruntur
573 2253 604 2313 in
620 2254 712 2334 sylvis
727 2274 806 2330 aves,

306 2360 475 2439 Fontesque
488 2358 620 2440 lymphis
633 2359 806 2440 obstrepunt
819 2358 1017 2432 manantibus,

387 2463 516 2525 Somnos
531 2465 614 2545 quod
627 2465 735 2524 invitos
749 2464 840 2526 leves.

307 2571 351 2630 At
366 2557 456 2648 quum
471 2568 615 2630 Tonantis
629 2589 724 2630 annus
738 2568 878 2630 hibernus
892 2570 915 2631 J
918 2571 983 2630 ovis

390 2673 507 2734 Imbres
521 2675 669 2754 nivosque
683 2686 850 2756 comparat,

309 2779 374 2838 Aut
388 2777 482 2838 trudit
495 2799 577 2839 aeres
590 2778 661 2839 hino
676 2789 706 2840 et
720 2779 790 2840 hinc
805 2779 900 2840 multb
914 2800 987 2841 eane
1151 2786 1189 2842 30

387 2884 488 2962 Apros
504 2883 535 2941 in
549 2885 700 2944 obstantes
714 2884 838 2966 plagas3
1136 2886 1139 2898 '

307 2988 372 3046 Aut
385 2985 475 3046 amite
489 2987 561 3048 laevi
574 3008 642 3048 rara
655 2988 751 3048 tendit
764 2989 848 3058 retia,

390 3090 500 3151 Turdis
514 3093 656 3152 edacibus
671 3092 775 3152 dolos:

311 3195 523 3275 Pavidumque
536 3197 676 3277 leporem,
691 3207 719 3258 et
732 3197 878 3257 advenam
893 3198 999 3279 laqueo
1013 3220 1118 3281 gruem

392 3303 415 3362 J
418 3303 538 3362 uounda
552 3312 653 3381 captat
667 3301 800 3380 praemia.
1148 3311 1150 3314 ’

306 3408 383 3479 Quis
397 3429 460 3468 non
474 3408 632 3480 malarum,
647 3429 723 3489 quas
737 3390 821 3469 amor
835 3431 922 3471 ouras
941 3411 1039 3490 habet,

394 3513 473 3574 Haeo
490 3516 563 3574 inter
577 3513 776 3575 oblvisoitur?
