2750 4378
547 567 640 606 EPOD·
665 564 806 606 nonnuli.

259 987 361 1066 Agros
375 992 464 1062 atque
480 983 572 1042 Lares
587 981 733 1062 proprios,
749 980 969 1058 habitandaque
983 977 1053 1038 fana

258 1089 351 1170 Apris
365 1089 483 1169 reliquit
496 1097 525 1149 et
538 1087 694 1168 rapacibus
708 1087 785 1168 lupis
796 1109 805 1162 ;
1135 1083 1175 1138 20

259 1192 320 1264 Ire,
337 1192 427 1274 pedes
442 1211 621 1272 quocunque
634 1190 738 1267 ferent,
753 1209 932 1271 quocunque
945 1208 998 1268 per
1011 1185 1107 1246 undas

259 1298 358 1358 Notus
371 1297 503 1372 vocabit,
516 1307 567 1356 aut
580 1305 735 1377 protervus
749 1295 883 1358 Africus.

259 1401 310 1464 Sic
324 1401 444 1483 placet?
466 1423 503 1462 an
519 1400 625 1462 melius
639 1402 708 1482 quis
723 1402 812 1462 habet
826 1399 973 1462 suaderel
995 1394 1135 1458 Secundi

258 1507 366 1567 Ratern
381 1527 527 1588 occupare
542 1508 616 1587 quid
631 1527 784 1568 moramur
797 1506 885 1567 alite?

258 1611 317 1672 Sed
326 1614 461 1694 juremus
475 1614 505 1673 in
521 1614 587 1676 haeo
598 1618 625 1672 z*
654 1613 752 1674 Simul
768 1613 834 1673 imis
849 1632 920 1672 saxa
934 1610 1065 1673 renarint

256 1717 352 1778 Vadis
364 1697 527 1794 levatasne
542 1718 639 1778 redire
653 1719 691 1778 sit
706 1717 806 1777 nefas:

257 1822 326 1883 Neu
341 1842 486 1884 conversa
499 1824 621 1884 domum
636 1822 738 1904 pigeat
751 1824 821 1884 dare
835 1821 935 1893 lintea,
951 1820 1092 1900 quando-

259 1926 363 1989 Padus
378 1928 498 1992 Matina
512 1929 619 1991 laverit
632 1931 806 2005 cacumina;

258 2033 296 2094 In
310 2055 392 2095 mare
406 2055 458 2094 seu
472 2034 568 2095 celsus
582 2036 764 2115 procurrerit
778 2033 974 2115 Apenninus;

259 2137 409 2218 Noquue
422 2149 558 2200 monstra
566 2139 702 2221 junxerit
717 2139 840 2200 libidine
1136 2138 1174 2195 30

257 2245 357 2306 Mirus
371 2267 465 2323 amor,
474 2248 564 2327 juvet
578 2257 613 2308 ut
626 2231 719 2328 tigres
733 2249 885 2310 subsidere
899 2248 1004 2323 cervis,

257 2349 453 2412 Adulteretar
466 2361 496 2412 et
509 2351 650 2414 columba
663 2352 775 2429 miluo;

257 2455 390 2517 Credula
404 2476 459 2517 neo
475 2475 563 2517 ravos
578 2457 703 2518 timeant
718 2467 854 2519 armenta
869 2459 1002 2533 Leones3

257 2561 411 2640 Ametque
425 2560 502 2621 salsa
515 2560 600 2623 laevis
615 2562 718 2623 hircus
733 2581 875 2642 aequora:

258 2665 349 2737 Haec,
364 2676 394 2726 et
408 2685 478 2746 quae
492 2677 632 2748 poterunt
647 2669 757 2728 reditus
771 2668 943 2730 abscindere
957 2668 1071 2741 dulces,

179 2815 182 2826 .
256 2770 369 2830 Eamus
383 2773 481 2832 omnis
494 2784 632 2834 execrata
645 2773 749 2834 civitas
761 2796 770 2848 ;

255 2875 322 2934 Aut
334 2895 403 2957 pars
417 2876 540 2938 indocili
554 2878 658 2938 melior
673 2898 780 2960 grege:
805 2877 914 2949 mollis,
927 2887 957 2938 et
969 2899 1075 2958 exspes

258 2969 432 3043 Inominata
444 2983 608 3064 perprimat
622 2984 744 3044 cubilia.

255 3085 330 3161 Vos,
350 3086 458 3168 quibus
472 3097 517 3146 est
530 3086 636 3162 virtus,
650 3089 825 3150 muliebrem
838 3088 934 3150 tollite
947 3090 1072 3163 luctum,

210 3378 221 3402 ⁸
243 3371 303 3419 This
316 3373 437 3435 proposed
449 3373 611 3434 imprecation
623 3373 643 3420 is
655 3387 686 3420 an
699 3371 823 3421 imitation
836 3373 863 3421 os
869 3374 925 3421 that
936 3373 964 3422 ol
972 3373 1174 3437 theJPhoeoeaua

177 3455 240 3511 who,
258 3454 342 3502 rather
362 3453 423 3502 than
444 3455 579 3504 submitto
596 3455 639 3502 the
656 3469 738 3516 power
755 3453 783 3503 oi
795 3455 839 3503 the
854 3453 956 3511 Greeks,
973 3455 1118 3505 abandoned
1132 3456 1176 3505 the

175 3546 235 3606 city,
248 3543 296 3591 end
307 3543 391 3592 bound
402 3543 552 3594 themselves
564 3548 607 3591 not
624 3549 650 3590 to
668 3549 753 3591 return
769 3543 852 3592 before
869 3559 884 3592 a
900 3558 965 3593 masa
980 3544 1008 3593 os
1020 3544 1082 3603 iron,
1094 3546 1175 3594 which

175 3635 235 3694 they
247 3632 326 3680 thren
338 3633 390 3680 into
402 3633 446 3681 the
458 3649 507 3691 sea,
521 3633 610 3681 should
623 3634 670 3681 riae
682 3639 709 3682 to
722 3632 764 3682 the
775 3634 880 3682 surlace.
