2754 4380
477 574 587 624 unsri
607 573 717 614 suntne
738 570 862 614 runnu.

177 1269 220 1332 Et
231 1271 337 1334 similis
350 1293 454 1356 regum
469 1271 608 1356 pueriss‘t
633 1295 763 1358 pappare
776 1273 925 1335 minutum

177 1375 305 1455 Poseis;
326 1389 355 1440 et
368 1379 460 1441 iratus
474 1400 613 1444 mammae
627 1380 730 1442 lsllsre
744 1379 886 1442 recuses?

177 1491 199 1523 ‘⁴
214 1486 267 1545 An
281 1484 334 1546 tali
344 1486 481 1549 studeam
496 1487 611 1549 calerno
620 1486 654 1548 l’'
696 1487 756 1548 Cui
770 1486 886 1548 verba?
928 1484 1011 1557 Quid
1021 1483 1094 1545 istas

177 1587 313 1652 Succinis
326 1593 492 1675 umbsgesl
532 1591 600 1654 Tibi
613 1591 747 1654 luditur:
769 1591 867 1654 effluis
880 1612 992 1652 emens.
1133 1591 1173 1648 20

176 1693 385 1760 Contemnere.
411 1687 521 1760 ¹Sonat
533 1697 642 1759 vitium
656 1717 807 1780 pereussa,
821 1687 954 1778 maligne

176 1801 359 1882 Respondet,
374 1801 465 1863 viridi
477 1823 539 1862 non
553 1810 640 1864 oootn
653 1795 758 1863 fidelis
771 1801 853 1865 limo.

176 1905 285 1968 Udum
298 1917 328 1970 et
340 1906 430 1968 molle
443 1907 541 1969 lutum
554 1929 598 1986 es,
608 1928 700 1982 nuno,
715 1929 796 1970 nunc
810 1905 1023 1989 properandus,
1039 1915 1069 1967 et
1083 1904 1147 1966 neri

177 2011 351 2094 Fingendns
365 2012 429 2074 sine
442 2011 503 2074 fine
516 2012 593 2074 rota.
637 2013 698 2074 Sed
712 2033 781 2075 rure
794 2022 922 2095 paterno

177 2117 235 2178 Est
247 2117 303 2179 tibi
316 2116 362 2179 fer
374 2118 540 2195 modicum,
549 2139 660 2201 purum
675 2128 703 2180 et
717 2119 779 2180 sine
792 2117 859 2180 lube
871 2117 999 2179 salinum
1003 2161 1013 2193 ‚

178 2221 262 2294 Quid
275 2222 415 2284 metuas?
435 2222 605 2305 cultrixque
618 2223 678 2285 fori
691 2243 796 2286 secure
809 2205 920 2304 petella
933 2231 987 2284 est.

178 2326 250 2390 Hoo
263 2328 360 2400 setis?
381 2347 419 2389 sn
433 2327 537 2392 deceat
550 2328 723 2412 pulmonem
735 2348 873 2409 rumpere
886 2327 994 2401 ventis,

178 2431 344 2495 Stemmete'
354 2434 438 2516 qnod
450 2431 550 2496 Tuseo
564 2455 682 2496 remum
695 2433 853 2496 millesime
867 2433 973 2512 dnois;

177 2538 400 2622 censoremque
412 2550 500 2602 tunm
514 2539 563 2602 vel
575 2540 659 2622 quod
671 2536 803 2602 trahente
815 2539 949 2602 solutes?

177 2643 231 2705 Ad
243 2644 390 2726 populum
403 2644 559 2726 phaleras:
582 2666 639 2728 ego
652 2654 682 2707 te
695 2645 776 2706 intus
790 2655 820 2707 et
830 2645 860 2706 in
875 2655 942 2707 oute
956 2647 1038 2742 npvi.
1136 2649 1175 2706 30

179 2748 252 2809 Non
263 2747 359 2830 pudet
372 2749 411 2809 sd
424 2769 537 2811 morem
551 2750 691 2812 discincti
703 2750 805 2813 vivere
820 2751 948 2813 Nattaet

178 2851 240 2914 Sed
254 2862 354 2934 stupet
362 2853 412 2914 hic
424 2853 518 2932 viti03
541 2863 571 2916 et
583 2854 668 2916 fibris
682 2856 809 2918 increvit
823 2855 956 2937 opimum

178 2958 311 3041 Pingue:
334 2967 414 3022 onret
427 2958 527 3040 eulpa,
540 2961 637 3024 nescit
649 2961 726 3043 quid
739 2962 856 3043 perdet,
872 2971 902 3023 et
915 2960 976 3023 ulto

179 3063 354 3144 Demersus,
368 3063 485 3128 summi
498 3086 558 3129 non
573 3087 675 3129 rursus
689 3066 778 3130 bullit
788 3066 818 3128 in
832 3066 925 3129 unde.
