2750 4378
568 615 652 655 EPOD
673 613 822 657 HOM'HB

398 1038 500 1098 Erorr.
524 1025 567 1097 X.
610 1038 666 1098 Aa
678 1010 825 1099 Marium
840 1039 981 1100 Paetum.

312 1215 398 1277 Mala
410 1215 509 1278 soluta
520 1217 607 1284 navis
621 1217 683 1278 exit
696 1217 777 1294 alita

394 1321 502 1382 Ferens
516 1320 645 1382 olentem
660 1321 827 1384 Maevium:

311 1425 357 1485 Ut
369 1424 498 1486 horridis
512 1434 673 1506 utrumque
686 1426 823 1488 verberes
836 1427 926 1500 latus,

393 1532 516 1610 Auster,
529 1541 691 1607 memento,
707 1533 859 1596 fluetibus·

313 1637 411 1719 Niger
424 1638 565 1700 rudentes
580 1637 692 1716 Eurus,
705 1615 823 1710 inrerso
837 1639 925 1712 mari,

391 1743 575 1822 Fractusque
589 1719 689 1804 remes
703 1741 843 1804 differat:

312 1847 456 1928 Insurgat
469 1847 596 1928 Aquilo,
610 1841 741 1928 quantus
755 1849 824 1939 altis
838 1848 990 1909 mentibus

393 1952 520 2034 Frangit
533 1961 692 2014 trementes
706 1953 808 2015 ilicest

313 2057 381 2118 Nee
395 2056 476 2117 sidus
490 2056 555 2117 atri
568 2067 655 2118 noete
669 2058 799 2118 amicum
814 2068 966 2140 appareat,

391 2161 463 2235 Qua
476 2161 568 2222 tristis
583 2160 680 2223 Orion
694 2163 796 2239 eadit3

313 2265 469 2339 Quietiore
483 2287 538 2328 nee
553 2265 664 2328 feratur
678 2283 811 2347 sequere,

391 2370 493 2444 Quam
509 2372 605 2433 Graia
617 2373 767 2433 viatorum
780 2393 899 2449 manus,

317 2476 421 2548 Quum
436 2476 540 2538 Pallas
555 2486 623 2539 usto
637 2478 729 2540 vertit
743 2478 820 2539 irem
839 2479 876 2540 ab
891 2478 950 2539 Ilio

393 2582 433 2642 In
446 2583 571 2664 impiam
584 2584 691 2664 Ajacis
705 2593 811 2645 ratem.-

313 2686 342 2748 0
357 2697 486 2766 quantus
499 2689 591 2751 instat
604 2689 713 2750 navitis
727 2689 820 2750 sudor
840 2689 910 2763 tuis,

395 2790 521 2870 Tibique
534 2791 630 2871 pallor
643 2791 758 2871 luteus3
862 2775 866 2782 ⁴

318 2895 358 2955 Et
371 2894 424 2956 illa
436 2915 498 2956 non
512 2896 608 2958 virilis
621 2897 743 2978 ejulatio

395 2999 505 3062 Preces
518 3009 548 3061 et
561 3020 700 3064 aversum
714 3003 754 3064 ad
767 3001 791 3064 J
792 3022 896 3064 ovem:

316 3105 422 3165 Ionius
436 3105 497 3166 udo
510 3125 605 3185 quum
620 3107 789 3188 remugiens
803 3107 885 3168 sinus

397 3209 479 3271 Noto
494 3210 626 3270 carinam
640 3211 773 3291 ruperit!

316 3315 428 3396 Opima
440 3314 549 3394 quodsi
563 3315 665 3395 praeda
679 3335 775 3376 curvo·
787 3315 874 3377 litore

396 3418 542 3479 Porreata
556 3439 674 3500 mergos
684 3419 819 3500 juveris3

317 3523 511 3584 libidinosus
527 3524 730 3584 immolabitur
744 3543 843 3604 ceper,

398 3629 439 3690 Et
454 3649 532 3710 agna
544 3628 778 3709 tempestatibus.
