2750 4378
470 615 472 617 .
523 580 627 620 Psusn
644 580 754 620 saurus
771 581 877 620 fluxus.

240 1110 262 1142 ‘⁶
277 1104 335 1164 Ast
349 1114 438 1166 vocat
447 1102 590 1164 officium.
633 1103 729 1164 Trabe
739 1105 825 1185 ruptd
840 1104 963 1165 Bruttia
976 1125 1049 1165 saxa

198 1213 218 1244 “
233 1208 361 1270 Prendit
374 1209 487 1270 amicus
501 1211 607 1290 inops:
627 1231 750 1290 remque
764 1231 882 1271 omnem
896 1211 1045 1290 surdaque
1059 1217 1131 1268 vota

201 1318 221 1351 ‘⁴
235 1313 381 1375 Condidit
396 1314 499 1376 Ionio:
517 1317 601 1397 jacet
617 1316 679 1397 ipse
693 1315 724 1374 in
737 1316 847 1392 littore,
862 1327 966 1378 etune

200 1426 222 1458 “
236 1421 375 1502 Ingentes
390 1421 428 1482 de
442 1443 542 1503 puppe
556 1422 623 1482 dei:
637 1423 762 1502 jamque
776 1423 864 1484 obvia
878 1422 989 1503 mergis
1158 1421 1195 1477 30

198 1529 218 1560 “
232 1524 325 1586 Costa
338 1527 409 1587 ratis
422 1526 563 1588 lacorae.'’
606 1527 699 1588 Nunc
712 1527 791 1588 etde
805 1529 913 1608 cespite
925 1528 997 1587 vivo

199 1631 317 1714 Frange
330 1631 463 1712 aliquid:
484 1632 592 1714 largire
603 1633 684 1714 inopi
695 1657 704 1710 3
729 1654 766 1694 ne
779 1633 877 1715 pictus
891 1632 1007 1692 oberret

199 1737 336 1800 Caemlet
349 1739 380 1798 in
394 1738 507 1799 tabula.
552 1739 613 1799 Sed
626 1760 742 1800 coenam
757 1739 868 1800 funeris
882 1738 979 1800 haeres

200 1843 355 1926 Negliget,
374 1845 465 1904 iratus
480 1843 563 1922 quod
576 1863 640 1903 rem
654 1844 834 1904 curtaveris:
857 1864 942 1905 urnae

199 1947 279 2009 Ossa
293 1949 418 2008 inodora
431 1948 531 2008 dabit:
554 1969 606 2008 seu
620 1948 733 2028 spirent
746 1949 883 2009 cinnama
896 1949 1033 2022 surdum,

199 2051 375 2115 Serrceras'o
389 2061 511 2134 peccent
525 2051 635 2128 casiae,
649 2053 762 2114 nescire
777 2063 911 2134 paratus.

198 2159 283 2218 Tune
296 2159 374 2219 bona
387 2157 545 2218 incolumis
556 2157 693 2218 minuas?
736 2157 796 2219 Sed
812 2158 934 2218 Bestius
948 2167 1036 2238 urget

199 2264 347 2325 Doctores
361 2263 484 2336 Graios,
501 2263 543 2322 ita
557 2262 602 2337 fit,
618 2272 778 2343 postquam
794 2283 896 2352 sapere
911 2261 977 2322 urbi

198 2369 278 2430 Cum
292 2369 392 2450 pipere
406 2377 435 2430 et
448 2369 555 2449 palmis
565 2368 647 2429 venit
660 2379 795 2428 nostrum
809 2366 866 2427 hoc
880 2366 971 2426 maris
985 2387 1099 2448 expers,

199 2474 361 2536 Foenisecae
377 2495 476 2536 crasso
489 2474 630 2537 vitiarunt
643 2473 775 2556 unguine
788 2473 898 2554 pultes.
1157 2477 1196 2532 40

200 2579 280 2640 Haec
293 2579 392 2640 cinere
406 2580 529 2640 ulterior
542 2578 679 2640 metuas?
720 2580 764 2639 At
778 2588 822 2651 tu,
843 2599 927 2638 meus
940 2576 1036 2638 haeres

200 2685 345 2765 Quisquis
359 2685 427 2759 eris,
447 2686 569 2766 paulum
585 2683 703 2745 aturbd
717 2685 878 2760 seductior,
893 2685 981 2762 audi:

201 2790 229 2851 Ο
244 2793 331 2868 bone,
345 2811 418 2850 num
432 2791 575 2872 ignoras?
594 2790 684 2850 missa
698 2799 742 2850 est
755 2810 773 2849 a
787 2789 907 2851 Caesare
921 2788 1033 2868 laurus,

199 2897 356 2976 Insignem
370 2895 409 2956 ob
423 2894 537 2954 cladem
552 2885 713 2954 Germanae¹
727 2894 833 2974 pubis;
853 2904 884 2955 et
897 2895 962 2954 eris¹

201 3003 342 3086 Frigidus
356 3002 505 3064 excutitur
518 3000 610 3076 ciuis3
635 3022 670 3062 ac
678 3002 744 3082 jam
759 3000 892 3081 postibus
906 3021 998 3077 arma,

199 3109 273 3171 Jam
288 3108 463 3189 chlamydas
478 3127 593 3190 regum,
602 3108 670 3188 jam
683 3107 763 3166 lutea
777 3127 910 3187 gausapa
924 3109 1030 3186 captio,

201 3215 385 3294 Essedaque‚
398 3214 591 3296 ingentesque
603 3212 684 3273 locat
698 3211 838 3272 Caesonia
852 3211 984 3272 Rhesos.
