2750 4378
553 587 634 626 EPOD
656 586 797 625 nostru.

441 988 543 1047 Esou.
560 987 588 1045 Ι.
632 985 686 1044 Ad
705 984 927 1045 Maeniana*

303 1168 366 1228 Ibis
382 1168 524 1228 Liburnis
539 1169 616 1227 inter
630 1167 689 1226 alta
702 1164 837 1237 navium,

391 1274 510 1349 Amice,
524 1271 759 1354 propugnacula,

303 1377 433 1438 Paratus
446 1399 534 1438 omne
549 1376 681 1438 Caesaris
694 1377 870 1458 perieulum,

384 1482 502 1559 Subire,
517 1483 682 1555 Maeeenas,
697 1482 776 1543 tuol

303 1586 387 1659 Quid
401 1587 480 1648 nos?
499 1588 607 1667 quibus
621 1596 650 1648 te
663 1587 726 1648 vita
740 1587 778 1647 sit
791 1587 948 1668 superstite
997 1583 1000 1590 ’

383 1692 406 1753 J
409 1693 550 1767 usunda3
573 1693 597 1752 si
613 1702 727 1769 eontra,
741 1692 866 1775 gravis?

303 1795 454 1855 Utrumne
462 1797 541 1876 jussi
555 1815 768 1876 persequemur
781 1795 885 1870 otium,

384 1898 455 1958 Non
469 1899 569 1971 dulce,
584 1900 615 1958 ni
630 1909 728 1959 tecum
742 1898 855 1958 simull

298 2001 446 2068 Anbuac
460 2003 590 2064 laborem
605 2013 704 2063 mente
718 2003 818 2079 laturi,
833 2003 917 2065 decet

384 2108 454 2181 Qua
468 2108 544 2168 ferre
558 2128 617 2166 non
633 2107 739 2168 molles
753 2108 855 2169 virosi

305 2213 466 2275 Feremns:
490 2223 519 2273 et
532 2222 562 2272 te
576 2212 625 2272 vel
639 2233 692 2293 per
705 2211 830 2293 Alpium
840 2214 929 2296 juga,

381 2317 599 2398 Inhospitalem
613 2326 642 2378 et
657 2316 838 2393 Caucasum,

303 2424 361 2486 Vel
375 2423 538 2485 occidentis
551 2443 645 2502 usque
659 2423 698 2483 ad
712 2421 852 2483 ultimum
865 2423 975 2499 sinum,

385 2529 467 2589 Forti
481 2548 641 2608 sequemur
655 2537 784 2608 pectore.

306 2634 418 2716 Reges,
434 2643 520 2693 tunm
534 2633 634 2694 labore
648 2634 722 2714 quid
731 2634 838 2714 juvem
853 2655 930 2710 meo,
1023 2683 1027 2692 .

385 2737 532 2807 Imbellis,
548 2759 584 2798 ac
598 2737 705 2799 firmus
719 2740 851 2819 parum?

304 2842 424 2918 Comes,
440 2843 554 2903 minore
569 2864 636 2903 sum
650 2843 771 2905 futurus
784 2844 816 2904 in
830 2853 921 2917 metu,

386 2944 449 3017 Qui
463 2946 561 3026 major
575 2947 710 3006 absentes
724 2946 832 3007 babet:

303 3052 348 3111 Ut
362 3050 496 3111 assidens
510 3050 703 3131 implumibus
717 3053 808 3134 pullis
822 3053 886 3113 avis

389 3155 575 3236 Serpentium
591 3156 721 3238 allapsus
735 3157 821 3218 timet

306 3261 409 3344 Magis
423 3260 554 3322 relictis:
577 3282 648 3338 non,
661 3272 695 3323 ut
709 3263 796 3336 adsit,
812 3262 907 3323 auxill

392 3367 504 3427 Latura
516 3366 584 3447 plus
598 3367 802 3448 presentibus.

220 3555 237 3660 ἔ
258 3548 303 3596 See
314 3561 345 3594 an
361 3543 533 3608 introductory
544 3543 702 3606 explanation
713 3545 743 3594 of
757 3549 816 3595 each
829 3548 917 3610 Epode
934 3547 960 3598 in
974 3551 1017 3600 the
1028 3558 1099 3600 notes
1109 3559 1135 3601 at
1147 3553 1189 3600 tbe

189 3630 218 3662 en
237 3651 243 3662 .
