2754 4380
256 1212 258 1218 ·
332 1176 519 1255 PERSII
551 1169 756 1254 SATIRA
787 1178 1008 1256 TERTIA.

560 1421 562 1428 ¹
575 1410 735 1422 ..ο-...ιιι

172 1567 204 1631 N
207 1590 295 1632 aurs
308 1572 366 1634 hoc
380 1571 520 1634 assidue?
536 1575 599 1654 jam
615 1573 729 1634 clarum
744 1594 832 1634 mane
843 1573 987 1634 fenestras

171 1675 288 1753 Intrat3
312 1688 341 1739 et
354 1687 495 1760 angustas
509 1679 643 1740 extendit
655 1679 770 1741 lumine
783 1679 891 1740 rimas:

171 1781 343 1860 stertimus,
358 1783 538 1845 indomitum
551 1784 633 1864 quod
647 1783 822 1867 despumare
837 1782 997 1846 Falernum

171 1887 318 1964 Sufficiat,
333 1888 438 1969 quinta
455 1889 529 1950 dum
540 1889 619 1951 linea
632 1890 765 1972 tangitur
779 1888 895 1952 umbra.

170 1995 219 2056 En
234 1995 309 2074 quid
322 1993 412 2076 agie?
435 1993 528 2055 siccas
542 1994 646 2056 insana
660 1994 796 2056 canicula
808 2014 918 2056 messes

170 2099 194 2160 J
196 2120 245 2159 am
260 2098 377 2160 dudum
393 2099 507 2179 coquit,
522 2109 551 2160 et
564 2098 665 2180 patula
678 2119 768 2180 pecus
782 2119 871 2160 omno
885 2098 940 2159 sub
955 2097 1037 2158 ulmo
1044 2106 1105 2158 est.

171 2204 261 2264 Unus
274 2203 316 2264 ait
330 2203 488 2278 comitum,
510 2205 718 2265 “Verumne?
740 2203 849 2266 Itane?
870 2203 954 2264 ocius
968 2203 1048 2264 adsit

167 2313 188 2344 “
204 2305 276 2371 Huc
290 2307 416 2389 aliquis!
438 2307 598 2370 Nemou’e
619 2307 774 2392 Turgascit
786 2308 883 2370 vitrea
896 2307 983 2370 bilis:

170 2411 329 2490 Finditur3
352 2413 495 2476 Arcadiae
510 2413 648 2495 pecuaria
662 2413 769 2474 rudere
784 2410 899 2476 credas.

209 2517 233 2581 J
235 2540 284 2580 am
297 2518 382 2596 liber,
396 2527 425 2580 et
438 2518 553 2580 bicolor
566 2519 671 2599 positis
684 2519 859 2580 membrana
873 2515 1000 2597 capiHiS,

170 2623 268 2704 Inque
281 2645 388 2686 manus
402 2623 528 2703 chartae,
542 2624 715 2704 nodosaque
728 2621 810 2683 venit
824 2619 950 2681 arundo.

168 2731 247 2790 Tum
261 2732 408 2812 queritur,
424 2752 541 2793 crassus
555 2731 670 2793 calamo
684 2728 770 2810 quod
784 2728 912 2810 pendeat
926 2725 1051 2800 humor3
1067 2715 1069 2718 ⁵

171 2833 271 2916 Nigra
284 2835 365 2915 quod
378 2835 478 2896 infusa
491 2844 632 2897 vanescat
645 2839 727 2915 sepia
740 2830 866 2914 lympha
877 2853 887 2909 3

170 2938 293 3000 Dilutas
307 2930 441 3020 queritur
455 2939 587 3023 geminet
599 2939 682 3021 quod
695 2938 797 3000 fistula
810 2943 921 3030 guttas.

211 3043 239 3105 Ο
254 3045 353 3123 miser,
365 3045 455 3125 inque
469 3045 533 3106 dies
547 3045 627 3107 ultra
640 3045 746 3107 miser!
769 3041 896 3103 huccine
911 3059 1010 3099 rerum

169 3150 339 3212 Venimus?
361 3159 392 3212 at
405 3171 459 3212 cur
472 3170 532 3211 non
542 3149 652 3231 potius,
667 3159 826 3229 teneroque
840 3145 990 3217 columbo,
