2754 4380
502 603 608 644 Pnnsn
628 605 740 646 EA'HRA
764 605 880 646 l’Rllss·

225 1338 286 1399 Fur
300 1359 342 1410 es,
358 1337 401 1399 ait
416 1336 526 1399 Pedio.
570 1335 683 1396 Pedius
697 1335 796 1415 quid?
818 1334 945 1396 crimina
959 1333 1032 1395 rasis

181 1444 287 1505 Librst
300 1445 330 1502 in
345 1443 509 1504 antithetis.
551 1443 668 1502 Dootas
680 1440 813 1522 posuisse
826 1440 942 1522 figuras

183 1551 348 1610 Laudatur.
386 1548 508 1610 Bellum
521 1547 591 1607 hoc.
622 1545 843 1607 Hoobellum?
864 1567 913 1621 an,
927 1544 1070 1620 Romule,
1083 1541 1190 1603 ceres?

184 1652 268 1714 Men’
283 1667 404 1715 moveat
416 1653 535 1734 quippe,
550 1661 579 1712 et
593 1661 692 1712 cantet
704 1651 730 1711 si
745 1651 920 1732 naufragus,
936 1671 1032 1711 assem

184 1759 390 1821 Protuleriml
411 1771 525 1835 cantas,
540 1779 610 1819 eum
623 1757 719 1818 fracta
732 1766 761 1818 te
776 1758 806 1816 in
820 1759 904 1818 trabe
917 1756 1031 1838 pictum

184 1866 371 1926 Exhumero
385 1861 508 1946 portes?
530 1883 645 1939 verum,
660 1872 811 1922 neonoote
825 1873 964 1942 paratum
1145 1860 1184 1916 90

186 1971 336 2044 Plorabit,
352 1969 406 2050 qui
418 1989 466 2030 me
478 1968 560 2029 vol'et
574 1968 745 2029 incurvasse
757 1967 889 2046 quereld.

224 2075 277 2135 M.
301 2074 361 2136 Sed
375 2075 506 2134 numeris
520 2074 611 2135 decor
624 2082 678 2145 est,
695 2083 724 2133 et
731 2074 877 2154 junctura
889 2070 993 2132 addita
1005 2068 1117 2130 crudis.

224 2181 282 2240 P..
295 2178 444 2240 Claudere
457 2179 500 2240 sio
514 2198 631 2239 versum
646 2177 764 2254 didicit,
785 2182 805 2213 “
818 2175 1040 2255 Berecynthius
1053 2171 1176 2234 Attiu.'’

185 2287 238 2362 Et,
261 2293 283 2323 “
295 2284 348 2364 qui
362 2284 523 2345 oaeruleum
538 2282 696 2346 dirimebat
711 2282 812 2343 Nerea
825 2281 979 2363 delphin.”

185 2391 247 2463 Sic,
272 2396 292 2429 “
304 2400 416 2450 eostam
429 2389 522 2469 longo
540 2387 737 2452 subduximus
750 2387 960 2468 Appennino.''

223 2496 277 2556 M.
299 2497 435 2559 “Arma
457 2495 587 2573 virum,’'
611 2513 709 2556 noune
735 2494 795 2554 hoo
818 2515 1004 2575 spumosum,
1028 2504 1058 2557 et
1078 2497 1190 2558 cortice

345 2602 475 2684 pinguil

224 2709 270 2769 P.
292 2710 339 2771 Ut
353 2708 465 2769 ramale
479 2717 565 2768 vetus
578 2706 752 2790 praegraudi
765 2707 870 2768 subere
884 2718 1017 2769 oootum.
1108 2687 1110 2690 Ι

222 2814 270 2874 M.
293 2813 448 2885 Quidnam
463 2812 555 2895 igitur
569 2824 715 2887 tenerum,
729 2822 759 2872 et
772 2810 840 2871 laxd
853 2811 970 2872 cervice
983 2811 1145 2894 legendum
1157 2811 1171 2870 'l

223 2919 268 2979 P.
290 2925 308 2956 “
323 2919 423 2980 'l'orva
438 2916 642 2978 Mimalloneis
656 2915 817 2996 implerunt
830 2935 942 2975 cornua
956 2914 1083 2988 bombis,

185 3032 206 3063 “
222 3023 264 3086 Et
279 3036 397 3104 raptum
412 3023 508 3086 vitulo
522 3029 612 3101 eaput
626 3019 763 3080 ablatura
776 3020 903 3099 superbo
1127 3024 1184 3080 100

185 3138 207 3168 “
224 3128 375 3205 Bassaris,
390 3139 418 3189 et
427 3127 551 3208 lyncem
567 3125 687 3186 Maenas
702 3125 816 3184 flexura
831 3122 994 3204 corymbis,

185 3239 206 3272 ·‘
222 3234 332 3311 Evion,
348 3233 534 3316 ingeminat:
557 3229 729 3312 reparabilis
743 3229 868 3289 adsonat
884 3227 1002 3288 Echo.''

183 3337 264 3398 Haeo
279 3338 395 3412 fierent,
411 3338 436 3398 si
449 3336 579 3398 testiouli
589 3355 667 3396 vena
680 3334 743 3395 ulla
758 3333 876 3416 paterni

90 3451 92 3455 '
182 3443 307 3506 Viveret
320 3445 352 3504 in
365 3443 474 3506 nobis?
