2754 4380
501 607 606 648 Puusu
629 606 739 647 SA'HRA
763 606 879 646 PRIMA·

190 1289 253 1352 Pro
266 1291 361 1358 nihilo
374 1293 508 1374 pendas?
517 1295 534 1322 ''
572 1294 654 1356 Ecce
666 1294 744 1356 inter
757 1293 867 1376 pocula
880 1303 1020 1374 quarunt
1148 1297 1188 1354 30

190 1397 363 1460 Romulidae
377 1400 482 1476 saturi,
497 1400 572 1480 quid
586 1401 637 1460 dia
651 1409 787 1481 poemata
800 1409 930 1460 narrent.

190 1503 253 1564 Hic
267 1503 384 1585 aliquis,
398 1505 447 1566 cui
462 1507 576 1566 circum
590 1506 732 1566 humeros
745 1504 942 1586 hyacinthina
955 1504 1033 1567 laena
1046 1511 1099 1581 est,

187 1607 408 1689 (Rancidulum
422 1610 567 1690 quiddam
580 1610 670 1672 balba
683 1611 721 1672 de
734 1630 805 1672 nare
818 1610 936 1671 locutus
948 1609 974 1692 ς)

190 1712 349 1792 Phylidas,
364 1715 565 1796 Hypsipylae,
578 1725 682 1776 vatum
697 1724 726 1776 et
738 1715 884 1797 plorabile
898 1714 923 1775 si
937 1716 1021 1795 quid,

189 1817 334 1898 Eliqnat;
359 1828 389 1880 ct
401 1829 502 1881 tenero
516 1820 689 1902 supplantat
701 1822 795 1883 verba
807 1821 906 1902 palato
919 1841 927 1881 z

186 1924 351 1987 Assenserc
364 1924 441 1985 viri:
464 1946 545 1986 nunc
558 1946 619 1987 non
633 1925 707 1987 cinis
722 1925 772 1986 ille
785 1935 881 2006 poetae

189 2026 299 2090 Felix?
314 2049 374 2089 non
387 2029 482 2090 levior
496 2029 602 2111 cippus
617 2051 697 2091 nunc
711 2029 857 2110 imprimit
870 2030 960 2090 ossei

189 2132 328 2193 Laudant
342 2135 479 2196 convivae
492 2156 500 2195 τ
517 2155 600 2196 nunc
613 2155 674 2195 non
687 2139 704 2196 e
717 2135 855 2195 manibus
869 2114 940 2209 iilis,

188 2239 278 2298 Nunc
292 2258 353 2298 non
368 2237 384 2299 ἑ
399 2239 515 2300 tumulo
529 2239 740 2320 fortunatisque
752 2237 858 2300 favilla

190 2343 359 2404 Nascantur
372 2343 485 2405 violaet
509 2351 531 2383 “
541 2344 669 2417 Rides‚”
685 2343 737 2417 eit,
753 2348 773 2380 “
781 2352 812 2405 et
825 2342 915 2403 nimis
927 2341 1014 2404 uncis
1148 2349 1188 2405 40

187 2449 353 2510 “Naribus
367 2448 519 2532 indulges.
562 2453 615 2511 Au
628 2449 694 2524 erit,
710 2450 762 2530 qui
775 2448 853 2511 veile
867 2458 981 2510 rccuset
1013 2473 1015 2478 ¹

187 2558 208 2592 “
222 2553 266 2615 Os
280 2554 384 2636 populi
397 2555 540 2616 meruisse
552 2576 560 2614 :
576 2562 605 2616 et
619 2555 709 2616 cedro
724 2555 816 2636 digna
827 2553 958 2630 locutus,

185 2658 363 2739 “Linquere
377 2679 432 2720 nec
445 2661 598 2720 scombros
612 2659 775 2721 metuentia
789 2659 922 2720 earmina
935 2679 991 2720 nec
1004 2658 1073 2720 thus
1084 2659 1124 2719 ?’'

230 2762 376 2844 Quisquis
388 2783 430 2835 es,
445 2784 464 2823 ο
477 2764 569 2824 modo
583 2783 672 2843 quem
688 2786 725 2825 ex
738 2764 867 2825 adverso
880 2763 980 2824 dicere
994 2761 1059 2836 feci,

189 2870 260 2930 Non
274 2889 330 2950 ego
345 2889 415 2928 cnm
429 2868 538 2941 scribo,
554 2869 580 2930 si
593 2867 670 2930 forte
684 2869 758 2949 quid
772 2869 871 2949 aptius
886 2867 958 2941 exit,

185 2973 333 3055 (Quando
347 2973 414 3033 haec
428 2993 495 3033 rara
508 2972 573 3034 avis
587 2972 645 3054 est)
660 2973 686 3032 si
700 2973 774 3052 quid
788 2981 888 3032 tamen
902 2972 1001 3052 aptius
1015 2971 1085 3047 exit,

188 3078 321 3141 Laudari
335 3086 466 3137 metuam
480 3100 488 3137 z
518 3097 615 3157 neque
629 3077 708 3138 enim
721 3076 797 3138 mihi
810 3097 918 3137 cornea
931 3075 1010 3138 fibra
1023 3086 1078 3138 est.

187 3181 248 3243 Sed
263 3183 335 3243 recti
351 3182 502 3262 finemque
517 3195 744 3263 extremumque
758 3201 822 3244 csse
836 3201 942 3244 recuso

186 3288 308 3370 ‘Euge'
323 3299 419 3363 tuum,
435 3298 463 3350 et
478 3294 487 3324 ⁴
496 3288 616 3350 Be11a2’
