2754 4380
478 587 584 628 plausu
605 587 716 628 SATIRA
736 587 859 627 Tenuit.

217 1319 332 1404 Magne
346 1319 440 1381 Pater
454 1316 583 1396 Divum,
594 1337 691 1380 saevcs
700 1317 805 1398 punire
817 1326 959 1398 tyrannos

177 1424 272 1488 Haud
285 1425 345 1488 alia
355 1425 471 1487 ratione
484 1414 569 1499 velie,
588 1445 656 1486 cum
670 1423 737 1485 dira
748 1423 843 1484 libido

176 1531 312 1594 Movcrit
324 1531 478 1614 ingenium
493 1529 621 1591 ferventi
633 1528 728 1591 tincta
740 1547 853 1590 veneno
865 1550 874 1589 z

174 1635 326 1697 Virtutem
339 1637 472 1713 videant,
486 1635 726 1715 intabescantque
739 1632 852 1696 relicta.

174 1741 264 1801 Anne
277 1741 374 1823 magis
389 1738 484 1802 Siculi
499 1746 678 1822 gemuerunt
691 1757 753 1800 aera
757 1737 884 1820 juvenci
896 1759 904 1798 ι

175 1848 242 1908 Aut
256 1847 364 1929 magis,
379 1845 493 1908 auratis
507 1846 644 1928 pendeus
658 1845 848 1926 laquearibus
858 1845 936 1906 cusia
1137 1845 1177 1904 40

176 1949 349 2032 Purpureas
363 1953 463 2012 subter
475 1952 607 2013 cervicae
621 1951 728 2013 terruit
740 1973 750 2027 3
774 1956 795 1990 “
802 1951 893 2024 imus,

175 2059 196 2091 ‘⁴
212 2055 298 2116 Imus
313 2054 512 2136 praecipitee,''
526 2053 654 2134 quamsi
668 2055 725 2116 sibi
738 2054 838 2116 dicat:
855 2064 884 2116 et
896 2055 976 2116 intus

179 2155 299 2220 Palleat
313 2158 431 2235 infelix,
445 2160 528 2239 quod
538 2159 675 2240 proxima
687 2159 800 2221 nesciat
813 2161 915 2221 uxori

219 2265 308 2347 Saepe
321 2264 435 2342 oculos,
449 2265 581 2341 memini,
595 2266 754 2348 tangebam
768 2286 879 2346 parvus
891 2265 982 2343 olivo,

180 2369 315 2431 Grandia
327 2371 353 2432 si
366 2370 478 2431 nollem
491 2370 628 2432 morituri
637 2371 729 2432 verba
743 2371 869 2434 Catonis

180 2475 316 2553 Discere,
329 2491 389 2537 non
404 2495 477 2537 sano
491 2476 621 2538 multum
633 2476 784 2538 laudanda
796 2477 950 2560 magistro,

179 2579 257 2652 Qua
271 2589 354 2662 pater
367 2580 505 2643 adductis
519 2583 630 2644 sudans
643 2582 759 2643 audiret
772 2583 894 2644 amiciet

178 2685 202 2747 J
204 2704 276 2747 ure:
298 2688 407 2748 etenim
421 2686 453 2748 id
467 2708 629 2764 summum,
643 2687 718 2773 quid
731 2688 835 2750 dexter
849 2690 931 2750 senio
945 2689 1045 2764 ferret,

180 2789 264 2850 Scire
277 2800 341 2851 crat
354 2791 386 2852 in
398 2800 486 2853 voto:
511 2791 655 2854 damnosa
667 2793 804 2854 canicula
817 2803 967 2874 quantum·

175 2894 323 2958 Raderet:
346 2905 481 2978 angusta
495 2895 573 2958 eollo
586 2918 647 2958 non
656 2896 752 2960 fallier
764 2918 862 2960 orcae:

182 3000 254 3063 Neu
266 3001 334 3082 quia
348 3000 484 3063 callidior
497 3001 613 3064 buxum
626 3011 762 3083 torquere
776 3003 905 3085 flagello.
