2750 4378
561 571 643 610 EPOD
666 570 808 610 nonanti.

305 946 396 1019 Quod
411 947 437 1006 si
450 945 557 1026 pudica
570 945 679 1005 mulier
691 944 722 1004 in
736 951 849 1023 partem
859 943 948 1024 juvet

384 1052 519 1111 Domum
534 1060 623 1129 atque
638 1050 738 1110 dulces
750 1049 870 1123 liberos,

303 1158 414 1218 Sabina
428 1157 537 1236 qualis,
552 1165 602 1216 aut
616 1169 735 1235 perusta
748 1154 859 1216 solibus

381 1261 519 1322 Pernicis
533 1281 610 1321 uxor
623 1258 747 1340 Appuli,

306 1367 432 1428 Sacrum
446 1377 475 1427 at
489 1365 613 1427 vetustis
627 1376 760 1428 exstruat
773 1364 864 1448 lignis
879 1365 981 1426 focum

391 1471 476 1532 Lassi
491 1473 546 1532 sub
561 1471 726 1531 adventum
741 1470 820 1546 viri3

306 1575 518 1656 claudensque
531 1576 623 1638 textis
639 1577 771 1637 cratibus
786 1576 892 1636 laetum
907 1595 1007 1656 pecus,

383 1682 521 1742 Distenta
534 1682 626 1743 sieeet
638 1683 748 1758 ubera3

305 1786 346 1847 Et
360 1785 456 1847 horna
469 1788 551 1848 dulei
565 1788 635 1849 vina
649 1808 788 1868 promens
801 1785 891 1862 dolio,

386 1893 489 1973 Dapes
502 1893 649 1974 inemptas
663 1901 785 1972 apparet
796 1915 805 1968 3

302 1996 373 2055 Non
388 2018 436 2058 me
451 1997 582 2057 Lucrina
590 1997 725 2078 juverint
739 1995 911 2076 conchylia,

386 2101 527 2182 Magisve
542 2101 694 2177 rhombus,
708 2111 761 2161 aut
775 2101 864 2174 scari,

311 2206 434 2285 Siquos
450 2206 521 2266 Eois
536 2206 669 2266 intonata
683 2207 826 2267 fluetibus

385 2310 493 2370 Hiems
508 2311 547 2371 ad
561 2310 620 2370 hoe
634 2320 732 2371 vertat
745 2331 845 2386 mare3

302 2415 375 2475 Non
388 2416 466 2477 Afra
480 2416 545 2477 avis
559 2417 721 2478 descendat
735 2417 766 2476 in
781 2427 915 2478 ventrem
929 2438 1041 2488 meum,

385 2522 457 2582 Non
470 2531 590 2604 attagen
606 2523 728 2583 Ionicus

305 2625 328 2686 J
330 2627 489 2704 ucundior,
503 2648 594 2707 quarn
608 2627 688 2688 lecta
701 2628 740 2688 de
754 2627 958 2710 pinguissimis

384 2731 475 2792 Oliva
489 2732 579 2792 ramis
593 2732 745 2806 arborum,

309 2837 373 2897 Aut
385 2836 476 2897 herba
488 2837 603 2918 lapathi
616 2847 734 2918 pratum
748 2838 885 2911 amantis,
900 2846 930 2900 et
944 2839 1029 2920 gravi

385 2941 499 3002 Malvae
514 2942 646 3002 salubres
660 2942 789 3022 corpori,

303 3047 360 3108 Vel
374 3067 451 3128 agna
465 3047 549 3106 festis
564 3067 644 3108 caesa
658 3047 888 3125 Terminalibus,

382 3151 440 3212 Vel
454 3151 561 3213 haedus
575 3161 691 3233 ereptus
706 3151 787 3234 lupo.

303 3257 370 3321 Has
384 3255 459 3318 inter
471 3256 585 3338 epulas,
598 3267 633 3318 ut
642 3259 730 3340 juvat
745 3269 844 3338 pastas
858 3280 929 3320 oves

384 3360 495 3423 Videre
509 3373 698 3443 properantes
714 3363 838 3423 domurn
852 3364 859 3422 l
