2750 4378
478 641 583 680 seusu
606 640 715 680 ΒΔΤΙΒΔ
739 638 845 678 SEXTA.

170 1241 240 1304 Diis
253 1240 353 1323 igitur,
368 1238 514 1320 genioque
527 1237 614 1298 duois
624 1246 744 1300 eentum
758 1238 853 1320 peris,
869 1241 907 1300 ob
920 1259 966 1300 res
1059 1283 1062 1290 .

168 1345 299 1430 Egregie
314 1355 424 1426 gestes,
440 1343 562 1404 induco.
605 1343 682 1414 Quis
695 1344 799 1407 vetet?
820 1346 909 1432 sude.

167 1453 224 1513 Vae
239 1451 297 1511 nisi
312 1448 474 1510 connives!
495 1449 594 1510 oleum
609 1458 815 1530 artocreasque
829 1449 946 1532 popello
1121 1451 1160 1508 50

169 1557 310 1639 Largior:
331 1577 367 1616 en
382 1553 541 1636 prohibes?
562 1554 613 1616 dio
626 1556 717 1618 olere.
760 1562 782 1596 ‘⁶
795 1557 867 1618 Non
882 1553 989 1627 edeo‚'’
1001 1553 1112 1633 inquis,

168 1663 361 1724 “Exossatus
376 1681 447 1743 ager
455 1662 545 1743 juxte
558 1661 632 1722 est.''
674 1663 755 1744 Age,
769 1663 795 1722 si
807 1661 883 1722 mihi
896 1658 979 1721 nulle

166 1769 189 1831 J
192 1789 240 1830 am
254 1767 369 1847 relique
383 1787 419 1826 ex
433 1764 545 1841 emitis,
560 1766 704 1846 patruelis
721 1767 813 1837 nulle,
829 1764 983 1846 proneptis

169 1873 264 1933 Nulla
277 1882 397 1946 manet3
422 1869 517 1951 patrui
531 1868 638 1932 sterilis
653 1881 811 1933 matertera
825 1870 909 1943 vixit,

168 1977 277 2056 Deque
292 1976 360 2037 auid
373 1974 500 2034 nihilum
515 1983 664 2055 superest:
688 1975 797 2038 secedo
813 1974 950 2038 Bovillas

168 2081 349 2161 Clivumque
363 2081 403 2141 ad
416 2081 521 2140 Virbi:
544 2080 656 2159 presto
670 2091 713 2142 est
726 2081 802 2141 milri
817 2081 940 2142 Manius
954 2079 1061 2140 haeres.

166 2191 187 2222 “
199 2186 364 2268 Progenies
377 2185 496 2247 terrae.'’
540 2187 651 2258 Quaere
664 2207 700 2248 ex
713 2207 771 2263 me,
784 2186 851 2266 quis
865 2185 939 2246 mihi
952 2195 1077 2264 quartus

169 2291 215 2352 sit
228 2303 326 2372 peter:
349 2292 430 2364 haud
442 2296 588 2375 prompte,
604 2293 703 2355 diesm
717 2304 827 2354 temen.
850 2293 939 2354 Adde
952 2291 1043 2353 etism
1057 2311 1162 2362 unum,

170 2399 275 2458 Unum
290 2397 398 2471 etiem3
421 2408 508 2459 terrae
522 2399 642 2481 estjam
656 2399 755 2460 filius:
778 2399 896 2460 etmihi
910 2399 968 2461 ritu

168 2502 297 2563 Meuius
310 2502 360 2563 hio
375 2505 499 2585 generis,
515 2524 607 2585 prope
620 2504 715 2585 major
728 2503 895 2566 avunculus
908 2504 981 2565 exit.
1125 2503 1165 2560 60

169 2607 231 2678 Qui
244 2608 326 2688 prior
340 2629 381 2686 11,
396 2629 450 2669 eur
462 2629 510 2670 me
525 2609 556 2669 in
571 2610 699 2670 decursu
711 2607 853 2689 lampade
867 2607 988 2689 poscis?

169 2713 242 2775 Sum
258 2714 312 2774 tibi
327 2713 518 2790 Mercurius3
541 2715 629 2775 venio
645 2713 729 2774 Deus
742 2712 802 2773 hue
815 2734 881 2794 ego,
895 2723 929 2773 ut
942 2713 993 2774 ille

168 2819 321 2898 Pingitur.
365 2819 416 2878 An
430 2818 551 2880 renuis?
566 2817 627 2879 vin'
642 2829 674 2878 tu
689 2817 817 2898 gaudere
830 2816 965 2878 relictis?
986 2875 988 2880 .

168 2923 295 2984 “Deest
310 2922 424 3002 aliquid
438 2923 592 2984 summae.’'
629 2922 729 2984 Minui
743 2921 830 2994 mihi,
845 2923 899 2990 sed
913 2921 967 2982 tibi
980 2932 1076 2982 totum
1090 2932 1143 2998 est,

167 3026 323 3106 Quicquid
337 3027 369 3086 id
382 3035 434 3087 est.
464 3027 527 3088 Ubi
540 3027 578 3088 sit
590 3027 660 3110 fuge
672 3048 818 3107 quaerere,
830 3028 914 3107 quod
926 3027 1002 3088 mihi
1015 3029 1165 3108 quondam

169 3131 298 3214 Legerat
311 3133 433 3209 Tadius,
448 3155 505 3195 neu
519 3133 600 3194 dieta
613 3155 721 3214 repone
734 3142 865 3214 paterne,

169 3242 191 3276 “
205 3239 339 3299 Foenoris
353 3239 476 3301 secedet
490 3259 612 3314 merces,
626 3239 697 3300 hine
709 3238 804 3300 exime
818 3237 983 3319 sumptus.’'
1017 3299 1019 3304 ,

1335 2949 1340 3020 1
