2754 4380
491 614 597 654 rnusn
618 615 729 656 SA'HRA
749 614 866 654 enlm.

217 1321 298 1382 Eece
312 1321 404 1382 ruodo
418 1321 524 1384 heroas
537 1342 641 1384 sensus
655 1321 746 1383 affere
760 1321 897 1382 videmus

179 1426 299 1508 Nugari
313 1427 416 1488 solitos
431 1427 552 1504 Graeoe,
565 1448 621 1487 nee
636 1448 744 1508 ponere
758 1426 860 1487 lucum

64 1599 66 1603 ,
176 1530 337 1607 Artifices3
359 1551 413 1592 nee
428 1552 478 1592 rus
492 1542 629 1592 saturum
643 1531 777 1604 laudare,
795 1530 847 1591 ubi
861 1530 976 1604 eorbeS,

177 1636 218 1696 Et
231 1634 328 1709 focus,
344 1645 373 1697 et
386 1637 479 1718 porei,
495 1648 523 1698 et
536 1637 654 1697 fumosa
669 1635 781 1697 Palilia
799 1635 898 1696 foeno:

177 1741 268 1801 Unde
282 1740 408 1816 RemuS,
424 1741 567 1822 sulcoque
579 1751 678 1803 terens
692 1741 832 1818 dentalia,
849 1741 964 1818 Quinti,

177 1843 278 1915 Quem
292 1823 409 1926 trepida
422 1855 492 1906 ente
505 1846 612 1907 bovem
628 1845 803 1906 dictatorern
818 1846 918 1906 induit
932 1866 1018 1919 uxor,

176 1949 217 2009 Et
230 1960 282 2010 tua
295 1959 394 2011 aratra
407 1952 531 2013 domum
545 1951 635 2013 lictor
648 1950 726 2011 tulit.
768 1950 866 2032 Euge,
883 1950 997 2012 Poeta!

177 2054 234 2115 Est
247 2076 338 2129 nune,
355 2056 457 2117 Brisei
470 2076 560 2137 quem
574 2077 650 2117 veno
729 2055 735 2070 ’
802 2056 904 2116 Aeci:

176 2159 264 2236 Sunt,
278 2179 354 2240 quos
370 2161 585 2241 Pacuviusque
598 2171 627 2222 et
641 2048 934 2324 »moretur

175 2265 321 2345 Antiopa,
345 2269 366 2303 “
375 2264 518 2326 aerumnis
532 2284 585 2325 eor
597 2265 672 2326 lueti
818 2263 910 2324 ulta.'’

176 2369 245 2430 Hos
258 2369 356 2450 pueris
369 2369 501 2430 monitus
516 2379 614 2452 patres
628 2369 783 2432 infundere
801 2369 898 2451 lippos

175 2474 257 2536 Cum
270 2475 384 2558 videas,
398 2475 546 2555 quoerisne
559 2476 640 2538 unde
656 2475 723 2538 haee
737 2485 858 2559 sartago
872 2475 1015 2557 loquendi
1140 2481 1179 2537 80

174 2579 299 2641 Venerit
312 2580 343 2640 in
357 2579 499 2662 linguas?
520 2581 599 2642 unde
613 2581 693 2644 istud
708 2582 849 2659 dedecus,
864 2582 895 2643 in
909 2605 970 2664 quo

176 2683 334 2745 Trossulus
349 2684 464 2746 exultat
477 2685 532 2747 tibi
547 2707 600 2767 per
614 2686 755 2748 subsellia
768 2686 879 2748 laevis'l

177 2788 269 2850 Nilne
282 2790 376 2871 pudet
391 2791 484 2872 capiti
496 2812 556 2851 non
568 2813 654 2872 posse
664 2791 798 2873 pericula
811 2812 886 2852 euno

178 2895 308 2971 Pellene,
324 2897 395 2978 quin
411 2897 546 2980 tepidum
561 2897 619 2958 hoe
633 2907 718 2980 optes
732 2897 844 2971 audire,
866 2897 1035 2959 “decenter
1045 2894 1079 2956 l''
