2754 4380
470 585 472 588 ’
505 601 612 642 sensu
635 600 746 641 ssrrrn
767 599 889 640 rnarrn.

182 1011 297 1072 Disce:
312 1031 368 1072 neo
383 1009 530 1084 invideas,
545 1009 629 1090 quod
642 1007 738 1070 multa
750 1009 853 1072 fidelia
863 1017 948 1090 putet

181 1118 219 1177 In
233 1115 381 1197 locuplete
395 1137 484 1197 penu,
501 1115 632 1177 defensis
646 1115 807 1197 pinguibus
822 1114 947 1176 Umbris
955 1136 965 1190 3

180 1222 222 1282 Et
241 1221 335 1302 piper,
350 1229 379 1281 et
390 1240 503 1301 pernae,
519 1221 618 1281 Marsi
631 1229 827 1281 monumenta
840 1219 969 1296 clientis,
980 1223 983 1228 ’

181 1325 347 1405 Maenaque
361 1324 442 1405 quod
455 1323 555 1406 primi
568 1325 706 1385 nondum
721 1324 862 1386 defecerit
875 1325 959 1386 orca.

221 1431 284 1490 Hic
298 1429 405 1511 aliquis
420 1429 459 1492 de
473 1438 562 1512 gente
575 1429 697 1490 hircosi
711 1426 932 1490 Centurionum

179 1533 290 1595 Dicat:
318 1542 340 1574 ‘⁴
350 1535 443 1607 Quod
457 1533 552 1614 sapio,
567 1534 639 1596 satis
653 1544 699 1594 est
712 1533 789 1594 mihi
803 1556 811 1595 ε
834 1555 894 1594 non
907 1554 964 1616 ego
977 1553 1049 1594 curo

175 1643 196 1674 “
209 1639 284 1700 Esse
297 1639 380 1720 quod
393 1637 558 1712 Arcesilas,
574 1639 794 1720 aerumnosique
810 1639 947 1712 Solones,

163 1809 165 1816 ,
179 1750 201 1783 “
212 1743 341 1825 Obstipo
356 1745 464 1826 capite,
480 1754 511 1805 et
525 1743 651 1826 figentes
664 1744 777 1806 lumine
790 1753 918 1820 terram3
1144 1741 1184 1800 80

174 1854 195 1886 ‘⁴
206 1849 369 1911 Murmura
384 1871 454 1911 cum
468 1871 571 1912 secum
585 1860 615 1911 et
629 1843 746 1911 rabiosa
760 1849 881 1912 silentia
895 1847 1020 1923 rodunt,

175 1958 312 2035 “Atque
326 1965 501 2036 exporrecto
515 1955 700 2016 trutinantur
713 1955 807 2016 verba
818 1951 938 2030 labello,

176 2065 197 2097 “
208 2060 331 2141 AEgroti
344 2060 454 2120 veteris
469 2060 647 2120 meditantes
661 2059 791 2133 somnia,
807 2058 892 2141 gigni

180 2169 201 2205 “
211 2165 261 2226 De
270 2164 364 2224 nihilo
378 2164 466 2238 nihil,
482 2163 513 2223 in
526 2163 654 2225 nihilum
668 2165 713 2224 nil
726 2183 813 2246 posse
827 2163 945 2225 reverti,

181 2268 285 2329 “Hoc
300 2279 343 2330 est
357 2269 441 2350 quod
457 2268 573 2350 palles?
588 2289 642 2331 cur
656 2269 724 2349 quis
737 2290 798 2330 non
811 2269 966 2350 prandeat,
981 2266 1044 2327 hoc
1056 2271 1100 2325 est
1110 2261 1144 2323 l''

181 2374 241 2435 His
255 2373 384 2456 populus
399 2375 496 2435 ridet:
512 2372 700 2456 multumque
713 2383 812 2436 torosa
820 2375 966 2456 juventus

178 2478 351 2561 Ingeminat
365 2480 506 2542 tremulos
520 2501 593 2542 naso
608 2481 758 2562 crispante
772 2478 944 2541 cachinnos.

221 2584 374 2666 “Inspice
386 2608 395 2662 3
418 2586 519 2648 nescio
534 2585 609 2666 quid
623 2586 754 2667 trepidat
766 2584 842 2645 mihi
854 2593 969 2664 pectus,
984 2590 1015 2643 et
1029 2579 1118 2660 aegris

180 2688 364 2750 “Faucibus
379 2699 524 2771 exuperat
537 2691 638 2772 gravis
651 2691 773 2766 halitus,
788 2689 902 2770 inspice
915 2685 1034 2760 sodes,”

179 2793 243 2866 Qui
258 2793 333 2854 dicit
351 2795 469 2856 medico
481 2817 491 2872 3
502 2796 606 2878 jussus
621 2797 818 2877 requiescere,
832 2802 994 2876 postquam
1146 2791 1185 2848 90

180 2901 281 2960 Tertia
296 2901 479 2982 compositas
492 2901 570 2962 vidit
581 2922 643 2962 nox
658 2921 778 2963 currere
791 2920 895 2977 venas,

182 3006 231 3066 De
246 3005 360 3086 majore
374 3004 477 3084 domo,
491 3006 611 3069 modios
625 3006 744 3069 sitiente
756 3003 874 3087 lagenis,

182 3109 277 3170 Lenia
289 3108 388 3172 loturo
402 3111 459 3172 sibi
474 3111 652 3173 Surrentina
664 3111 793 3194 rogavit.

179 3215 297 3276 “Heus
306 3216 395 3294 bone,
408 3225 443 3278 tu
456 3215 582 3299 palles.’'
595 3222 616 3255 “
629 3215 716 3278 Nihil
730 3215 803 3276 est.''
821 3213 961 3275 “Videas
975 3219 1075 3273 tamen
1089 3209 1181 3282 istud,

182 3327 204 3358 “
216 3318 371 3398 Quicquid
385 3321 416 3382 id
429 3332 491 3384 est:
507 3322 604 3403 surgit
617 3323 706 3383 tacite
719 3321 774 3382 tibi
787 3321 869 3382 lutea
881 3317 1001 3401 pellis.’'
