2754 4380
482 591 587 630 PERSH
611 592 720 630 serlus
744 591 868 630 Tuum.

211 1111 285 1168 “At
299 1117 333 1168 tu
348 1106 476 1168 deterius
490 1104 602 1187 palles;
623 1127 661 1166 ne
675 1106 715 1166 sis
729 1105 804 1166 mihi
818 1115 907 1183 tutor,

172 1211 196 1274 J
197 1212 365 1294 ampridem
380 1212 461 1272 hunc
476 1211 583 1292 sepeli:
607 1219 639 1272 tu
655 1220 748 1272 restas
758 1210 858 1272 l’'-“
874 1211 990 1293 Purgs,
1005 1214 1143 1276 taueb0.’'

175 1317 326 1400 Turgidns
339 1316 390 1378 hie
406 1315 513 1398 epulis,
528 1325 620 1397 atque
633 1316 702 1377 albo
717 1325 831 1393 ventre,
846 1315 979 1395 lavatur,

172 1423 305 1486 Gutture
317 1422 492 1505 sulphureas
505 1409 586 1485 lente
599 1422 756 1484 exhalante
770 1423 927 1504 mephites.

174 1529 234 1590 Sed
247 1538 358 1591 tremor
371 1529 448 1590 inter
461 1528 532 1589 vina
545 1528 634 1603 subit,
651 1528 842 1608 calidumque
856 1529 979 1590 triental
1118 1533 1174 1590 100

173 1633 301 1696 Excutit
315 1633 331 1695 ἐ
344 1634 505 1708 manibus,
528 1633 629 1695 dentes
643 1653 784 1714 crepuere
798 1633 924 1710 retecti3

174 1740 279 1801 Uneta
292 1740 404 1801 cadunt
417 1738 495 1799 laxis
508 1747 580 1799 tunc
595 1737 797 1820 pulmentaria
810 1737 899 1798 labris
912 1761 919 1798 :

175 1844 260 1905 Hinc
272 1844 355 1918 tuba,
370 1842 515 1905 eandelae.
559 1843 752 1922 Tandemque
765 1841 901 1904 beatulus
916 1841 976 1904 alto

174 1948 368 2030 Compositns
381 1948 471 2024 laete,
486 1948 653 2028 crassisque
666 1948 780 2009 lutatus
794 1947 933 2024 amomis,

176 2055 214 2114 In
229 2063 347 2135 portam
361 2053 475 2135 rigidos
490 2053 587 2114 calces
601 2054 752 2114 extendit:
774 2063 806 2114 at
818 2053 904 2114 illum

179 2158 324 2221 Hesterni
339 2157 437 2238 capite
451 2158 560 2220 induto
574 2159 690 2220 subiere
702 2159 848 2232 Quirites.

212 2268 236 2303 “
247 2265 361 2345 Tange,
376 2263 485 2324 miser!
507 2284 618 2339 venas3
642 2272 671 2324 et
684 2283 762 2346 pone
776 2264 807 2325 in
822 2275 941 2346 pectore
954 2265 1090 2326 dextram
1102 2287 1111 2339 ;

180 2376 202 2409 “
218 2368 274 2431 Nil
287 2368 363 2430 calet
376 2368 436 2430 hie.
479 2369 681 2449 summosque
694 2371 784 2452 pedes
799 2372 921 2454 attinge,
936 2390 1120 2450 manusque:

180 2482 202 2514 “
218 2476 289 2537 Non
304 2475 445 2558 frigent.’'
475 2477 551 2538 Visa
564 2486 609 2538 est
623 2477 648 2538 si
662 2477 739 2539 forte
752 2477 880 2560 pecunia
888 2501 897 2555 ;
917 2478 981 2540 sive

177 2581 317 2642 Candida
330 2572 425 2652 vieini
437 2581 559 2643 subrisit
573 2581 663 2644 molle
676 2581 775 2665 puella
787 2605 796 2659 3
1123 2585 1178 2644 110

180 2684 243 2748 Cor
256 2685 311 2746 tibi
326 2685 382 2746 rite
396 2685 489 2747 salit?
509 2687 642 2767 positum
656 2697 699 2749 est
712 2688 829 2771 algente
843 2687 944 2750 catino

181 2791 303 2850 Durum
317 2786 402 2864 olus;
423 2797 455 2850 et
471 2790 574 2872 populi
588 2792 685 2852 cribro
699 2792 826 2854 decussa
839 2792 952 2853 farina:

2 2873 3 2908 ³
115 2950 118 2954 ,
180 2895 339 2954 Tentemus
352 2891 465 2954 fauces.
508 2896 620 2956 Tenero
633 2896 806 2980 latetulcus
821 2897 852 2958 in
867 2919 917 2959 ore

181 2998 288 3071 Putre,
304 2997 387 3079 quod
400 2997 483 3058 haud
496 2999 601 3066 deceat
613 3000 726 3081 plebeia
739 3001 845 3063 radere
858 3003 936 3064 beta.

182 3104 290 3185 Alges‚
306 3122 377 3164 oum
408 3102 525 3163 xcussit
538 3105 679 3166 membris
690 3107 780 3167 timor
792 3105 879 3168 albus
894 3107 1018 3170 aristas:

183 3209 276 3270 Nunc
290 3207 355 3268 face
369 3207 521 3288 suppositi
534 3208 672 3271 fervescit
685 3211 818 3293 sanguia,
832 3221 861 3272 et
874 3211 919 3272 ira

183 3314 361 3376 Scintellant
374 3312 473 3375 oculi:
498 3314 644 3396 dicisque,
659 3316 803 3397 facisque,
817 3319 900 3398 quod
920 3318 983 3400 ipse

184 3420 256 3480 Non
270 3419 336 3482 sani
349 3440 412 3482 esse
425 3419 566 3496 hominis,
581 3441 641 3482 non
654 3442 744 3483 sanus
752 3423 837 3504 juret
850 3423 982 3485 Orestes.
