2750 4378
571 629 652 671 BPOD
675 627 816 669 nonum.

466 1157 570 1219 Euoo.
594 1156 667 1218 XV.
710 1157 766 1218 Ad
779 1156 932 1218 Ncoerom.

315 1340 388 1401 Nox
402 1349 475 1418 erat,
490 1349 520 1403 et
535 1339 611 1402 caelo
624 1339 761 1423 fulgebat
774 1339 860 1400 Luna
873 1357 987 1410 sereno,

397 1446 483 1508 Inter
495 1447 613 1506 minora
626 1446 734 1518 sidera,

315 1552 419 1624 Quum
433 1562 476 1625 tu,
492 1571 670 1634 magnorum
684 1571 794 1611 numen
807 1548 917 1612 laesura
931 1550 1078 1624 Deorum,

397 1655 436 1718 In
450 1657 544 1718 verba
552 1657 676 1738 jurabas
690 1675 767 1729 mea,

316 1762 450 1838 Arctius,
465 1771 556 1842 atque
570 1759 681 1822 hedera
695 1779 821 1842 procera
835 1757 1010 1840 astringitur
1023 1757 1094 1831 ilex,

397 1867 500 1928 Lentis
514 1867 669 1928 adhaerens
682 1865 832 1926 brachiis:

315 1972 435 2032 “Dum
449 1971 551 2053 pecori
564 1970 664 2052 lupus,
678 1981 708 2032 et
721 1971 819 2032 nautis
834 1967 958 2030 infestus
973 1966 1069 2028 Orion

397 2080 418 2116 ‘⁴
429 2076 577 2137 Turbaret
590 2075 748 2136 hibernum
762 2095 855 2150 mare,

318 2185 339 2217 “
353 2181 555 2260 Intonsosque
569 2181 695 2262 agitaret
708 2179 859 2260 Apollinis
874 2199 948 2240 aura
962 2178 1096 2260 capillos,

399 2286 603 2349 “Forehunc
618 2307 750 2347 amorem
763 2285 933 2345 mutuum.’'
1161 2285 1197 2342 10

319 2392 347 2454 Ο
363 2392 495 2455 dolitura
508 2392 575 2454 mei
589 2390 719 2452 multum
734 2391 854 2467 virtute,
870 2391 997 2452 Neaere!

401 2497 495 2572 Nam,
510 2497 536 2558 si
550 2497 623 2577 quid
637 2496 666 2556 in
681 2497 777 2558 flacco
792 2497 849 2557 viri
863 2504 917 2569 est,

321 2601 394 2664 Nou
407 2602 481 2664 feret
494 2601 629 2663 assiduas
642 2601 754 2682 potiori
767 2607 798 2662 tc
812 2600 883 2662 dare
896 2610 1010 2673 noctes,

403 2707 443 2768 Et
455 2716 571 2787 quaeret
584 2706 678 2766 iratus
691 2726 793 2788 parem
805 2729 814 2782 ;

323 2810 390 2874 Nec
403 2810 494 2872 semel
507 2810 631 2872 offeusae
645 2812 731 2873 cedet
745 2813 911 2874 constantia
923 2811 1037 2888 formae,

403 2914 436 2977 Si
450 2924 548 2976 certus
562 2915 683 2976 iutririt
697 2915 795 2977 dolor.

322 3026 367 3086 At
378 3031 423 3095 tu,
438 3020 610 3100 quicunque
624 3041 656 3082 es
669 3019 797 3093 solidor,
812 3031 901 3101 atque
916 3042 982 3082 mco
992 3043 1072 3082 nunc

404 3126 557 3207 Superbus
571 3125 682 3187 incedis
697 3125 786 3200 malo,

324 3233 373 3296 Sis
384 3251 490 3314 pecore
502 3239 534 3292 et
548 3229 642 3291 multi
655 3229 739 3291 dives
753 3230 859 3294 tellure
872 3231 981 3305 licebit,

407 3335 534 3416 Tibique
549 3334 692 3396 Pactolus
707 3334 792 3408 fluat,
