2750 4378
504 596 615 638 PERSH
635 597 748 638 SA'l'lRA
779 592 911 642 abluas.

205 1011 288 1072 Nam
301 1023 330 1074 et
342 1012 456 1075 luctata
470 1013 552 1074 oanis
565 1014 679 1075 nodum
695 1014 819 1097 arripit3
840 1011 970 1076 attamen
984 1013 1041 1088 illi,

203 1118 284 1180 Cum
298 1119 386 1200 urgit,
402 1140 420 1180 a
433 1119 510 1180 eollo
524 1120 655 1180 trahitur
668 1141 737 1202 pars
751 1120 843 1203 longa
856 1129 979 1182 eatenae.
1145 1124 1203 1181 160

243 1229 263 1260 “
275 1224 374 1299 Dave,
391 1224 462 1302 cito,
477 1225 538 1286 hoo
550 1226 656 1286 eredas
663 1228 765 1307 jubeo,
782 1226 870 1287 finire
883 1225 1001 1287 dolores

201 1336 223 1370 ⁴⁴
235 1333 413 1394 Praeteritos
427 1333 558 1394 meditor
570 1332 605 1393 :''
620 1332 763 1414 (crudum
778 1332 996 1394 Chaerestratus
1010 1352 1142 1415 unguem

202 1437 373 1516 Abrodens,
387 1439 429 1500 ait
441 1437 534 1520 haee.)
575 1443 596 1478 “
609 1441 660 1500 An
673 1436 761 1499 siccis
776 1438 905 1499 dedecus
918 1439 1034 1499 obstem

199 1546 223 1580 “
235 1541 406 1625 Cognatis?
427 1546 465 1604 a'u
480 1565 542 1604 rem
556 1544 697 1625 patriam,
711 1564 830 1606 rumore
844 1544 975 1618 sinistro,

201 1646 340 1709 “Limen
356 1648 395 1709 ad
409 1650 593 1721 obscoenum,
608 1649 757 1731 frangam,
774 1650 847 1710 dum
862 1649 1023 1730 Chrysidis
1036 1649 1111 1710 udas

204 1752 346 1813 “Ebrius
360 1753 530 1827 anteferes,
546 1754 676 1815 extincti
690 1776 760 1815 eum
774 1755 850 1829 face,
865 1754 989 1815 oaut0.''

200 1862 220 1893 “
232 1858 339 1941 Euge!
362 1859 456 1940 puer!
480 1859 577 1940 sapias
589 1881 597 1920 z
621 1860 679 1920 diis
694 1859 912 1941 depellentibus
925 1881 1035 1942 agnam

201 1967 221 1999 “
235 1962 396 2024 Percute.''
439 1962 530 2025 “Sed
546 1963 662 2024 oensen'
676 1963 816 2044 plorabit,
832 1966 931 2042 Dave,
945 1962 1051 2026 relicta
1062 1964 1101 2026 l''

204 2076 226 2107 “
240 2067 395 2148 Nugaris:
418 2066 508 2144 solea,
522 2089 606 2148 puer,
620 2069 815 2150 objurgabere
829 2069 939 2130 rubra:

205 2180 227 2214 “
240 2173 290 2232 Ne
304 2172 454 2253 trepidare
467 2171 552 2245 velis,
568 2181 658 2252 atque
672 2182 770 2234 arctos
784 2174 890 2236 rodere
904 2196 1012 2238 casses.
1044 2221 1046 2224 -
1149 2179 1206 2236 170

198 2261 220 2313 “
234 2277 325 2338 Nune
339 2276 418 2338 ferus
433 2287 463 2337 et
476 2277 611 2338 violens:
634 2286 665 2338 at
679 2279 705 2339 si
717 2289 815 2353 vocet,
829 2279 911 2341 baud
924 2302 1019 2356 mora,
1035 2281 1151 2343 dieas.’'

203 2387 224 2422 ‘⁴
237 2381 392 2454 Quidnam
406 2381 500 2464 igitur
513 2381 647 2444 faciam?
667 2404 706 2444 ue
720 2405 812 2462 nuno,
827 2406 896 2448 eum
911 2397 1046 2448 accersat
1060 2398 1090 2448 et
1103 2389 1183 2450 ultro

201 2493 222 2524 “
234 2487 390 2569 Supplicia,
401 2486 540 2548 accedam
550 2487 564 2547 ‘l
573 2487 591 2515 ''
634 2491 654 2524 “
666 2489 701 2551 Si
716 2499 806 2569 totus,
819 2501 849 2553 et
862 2493 986 2575 integer,
1002 2492 1085 2553 illino

200 2596 223 2631 “
235 2592 370 2668 Exieras,
384 2614 441 2654 nee
454 2591 686 2667 nuno.''-Hie‚
701 2595 765 2671 hie;
782 2617 872 2676 quem
887 2598 1060 2678 quaerimus,
1075 2597 1125 2658 hio
1138 2607 1204 2677 est;

203 2697 277 2758 Non
292 2699 323 2758 in
336 2697 461 2776 festued,
474 2699 563 2760 lietor
576 2721 668 2780 quam
675 2700 774 2782 jactat
787 2702 913 2783 ineptus.

243 2804 266 2865 J
269 2825 303 2864 us
316 2802 408 2866 habet
422 2804 473 2865 ille
487 2804 543 2881 sui,
557 2805 645 2886 palpo
659 2827 749 2887 quem
764 2807 847 2868 ducit
861 2807 992 2870 hiantem

202 2907 328 2970 Cretata
341 2906 505 2969 Ambitio?
544 2909 659 2991 Vigila,
674 2919 705 2972 et
720 2911 800 2972 cicer
813 2911 915 2992 ingere
927 2913 1012 2994 large

202 3013 329 3074 Rixanti
343 3013 466 3094 populo,
481 3024 584 3074 nostra
596 3024 630 3075 ut
645 3014 776 3078 Floralia
789 3015 905 3096 possint

202 3118 313 3199 Aprioi
326 3119 504 3180 meminesse
518 3140 613 3180 senes·
658 3120 743 3193 Quid
757 3120 911 3203 pulchrius
923 3121 937 3183 l
958 3129 990 3182 at
1004 3142 1074 3184 cum
1150 3127 1206 3184 180

203 3223 335 3284 Herodis
348 3243 456 3286 venere
470 3223 541 3298 dies,
555 3223 706 3305 unetdque
719 3225 850 3287 fenestrb

204 3325 371 3406 Dispositae
386 3326 529 3410 pinguem
543 3328 683 3390 nebulam
698 3351 838 3392 vomuere
851 3330 994 3407 lucerna,

204 3429 365 3493 Portantes
380 3430 494 3508 violas5
