2750 4378
506 651 509 658 .
562 613 656 658 BPOD.
679 610 822 654 nostin.

321 1029 487 1109 Postquam
502 1028 612 1090 relictis
623 1027 769 1088 maenibus
783 1047 835 1088 rex
849 1025 978 1107 procidit

320 1132 406 1195 Heu!
429 1134 592 1214 pervicacis
606 1134 645 1194 ed
658 1133 747 1213 pedes
761 1131 902 1216 Achillei.

322 1239 425 1301 Setosa
439 1239 521 1300 duris
535 1258 642 1300 exuere
656 1237 782 1319 pellibus
807 1314 810 1319 Ι

319 1344 474 1405 Laboriosi
485 1344 610 1426 remiges
626 1344 740 1420 Ulixei,

317 1449 443 1511 Volente
456 1449 557 1523 Circa,
572 1451 723 1510 membra:
738 1460 810 1510 tunc
823 1469 907 1510 mens
921 1457 949 1509 et
962 1467 1052 1508 sonus

321 1549 479 1637 Relapsus‚
492 1565 581 1636 utque
594 1566 682 1616 notus
696 1557 726 1615 in
740 1557 840 1616 vultus
853 1556 958 1615 honor.

322 1660 403 1722 Dedi
417 1661 488 1722 setis
502 1681 648 1742 superque
661 1681 814 1741 paeuerum
829 1662 893 1733 tibi,

240 1751 241 1755 Ἰ
319 1769 431 1826 Amata
443 1766 540 1826 nautis
554 1765 681 1826 multum
696 1775 725 1827 et
737 1766 927 1827 institoribus.
1153 1764 1192 1822 20

323 1869 414 1951 Fugit
422 1870 572 1950 juventas,
586 1880 617 1931 et
629 1870 815 1930 verecundus
833 1869 916 1930 color

323 1975 456 2056 Reliquit
469 1996 546 2049 ossa,
561 1975 638 2055 pelle
650 1977 762 2036 amicta
773 1974 870 2036 luridi
883 1997 890 2034 :

322 2081 395 2140 Tuis
410 2081 535 2160 capillus
549 2079 634 2140 albus
649 2090 693 2143 est
706 2080 856 2152 odoribus,

323 2185 450 2246 Nullum
465 2207 483 2245 e
496 2185 597 2245 labore
609 2205 657 2245 me
669 2184 793 2244 reclinat
806 2185 910 2246 otium.

324 2293 423 2373 Urget
436 2291 516 2350 diem
529 2311 601 2366 nox,
614 2300 644 2352 et
657 2291 720 2351 dies
732 2301 850 2352 noctem
857 2313 866 2367 ;
881 2312 977 2371 neque
989 2300 1033 2354 est

323 2397 438 2458 Levare
450 2404 532 2458 teuta
544 2394 649 2476 spiritu
663 2395 838 2476 praecordia.

324 2503 408 2584 Ergo
421 2510 561 2582 negatum
576 2500 682 2562 vincor
694 2511 728 2562 ut
741 2502 863 2562 credam
876 2502 976 2575 miser,

324 2607 442 2669 Sabella
454 2616 558 2686 pectus
572 2606 724 2687 increpare
737 2607 879 2683 carmina,

324 2713 481 2793 Oeputque
496 2711 601 2772 Mersit
614 2711 742 2773 dissilire
755 2710 864 2772 naenii.

325 2818 409 2891 Quid
422 2817 549 2898 amplius
562 2816 633 2877 vis?
655 2817 683 2878 Ο
698 2837 790 2890 marc,
804 2826 834 2877 et
847 2816 943 2877 terra!
965 2815 1054 2878 ardeo
1158 2821 1195 2878 ³0

324 2924 478 2995 Quantum
493 2943 589 3001 neque
602 2931 667 2982 otro
681 2922 832 2983 delibutus
847 2919 995 2982 Hercules

324 3027 415 3090 Nessi
429 3047 543 3099 cruore,
559 3047 614 3088 nec
629 3027 737 3088 Sicana
750 3026 866 3088 fervidi

326 3134 439 3194 Furens
453 3133 484 3192 in
499 3130 591 3192 AEtui
606 3132 738 3194 flemme.
781 3130 827 3191 Tu
840 3132 935 3192 donec
949 3131 1024 3192 cinis

325 3238 480 3320 Injuriosis
494 3236 596 3297 aridus
610 3237 706 3298 ventis
718 3237 806 3312 seror,

325 3344 423 3415 Cales,
441 3343 563 3404 venenis
576 3342 695 3403 officina
709 3341 871 3404 Colchicis.

325 3453 402 3524 Quae
418 3450 488 3510 finis
498 3450 514 3518 l
533 3459 586 3509 cut
598 3449 680 3528 quod
696 3468 743 3509 me
758 3458 855 3510 menet
872 3449 1074 3530 stipendium?

326 3555 445 3618 Effare:
463 3557 564 3637 jussos
578 3575 647 3616 cum
663 3554 724 3616 fide
738 3575 838 3636 peenas
852 3555 953 3616 luam:
