2754 4380
505 610 610 650 rsusn
632 611 743 651 sumtu
765 611 922 651 SECUNDA.

213 1161 365 1224 Hercule!
386 1160 595 1243 pupillumquc
608 1162 735 1239 utinam,
750 1183 840 1242 quem
855 1163 1011 1243 proximus
1024 1163 1121 1225 haeres

213 1266 351 1348 Impello,
366 1289 535 1350 expungam
548 1268 554 1326 l
576 1288 705 1347 nemque
718 1277 762 1328 est
775 1268 939 1340 scabiosus,
956 1279 985 1329 et
998 1269 1060 1329 acri

211 1372 281 1433 Bile
296 1382 400 1432 tumet.
442 1371 535 1433 Nerio
544 1373 611 1452 jam
625 1368 713 1432 tertia
727 1371 867 1433 conditur
880 1392 965 1432 uxor.

212 1477 293 1538 Haec
306 1479 407 1538 sancte
421 1487 454 1538 ut
468 1499 583 1559 posces,
598 1477 740 1538 Tiberino
753 1478 783 1538 in
798 1477 918 1560 gurgite
931 1478 1042 1560 mergis

211 1583 306 1644 Mene
321 1591 412 1663 caput
426 1583 471 1642 bis
483 1581 597 1662 terque,
614 1598 643 1642 et
656 1583 916 1644 noctem-flumine
929 1604 1053 1665 purgas.

253 1688 359 1749 Heus!
381 1687 455 1770 ege!
476 1688 640 1768 responde:
663 1686 822 1748 minimum
837 1698 893 1762 est,
909 1689 991 1768 quod
1005 1689 1081 1749 scire
1094 1689 1208 1750 laboro.

211 1793 260 1854 De
273 1793 355 1854 Jove
367 1793 442 1874 quid
455 1793 583 1855 sentis!
613 1792 717 1869 Estne,
730 1803 764 1852 nt
777 1812 950 1874 praepouere
963 1813 1050 1854 cures

199 1898 305 1960 -Hunc
320 1898 485 1979 cuiquem!
506 1898 649 1960 cuinam!
670 1897 716 1960 vis
732 1897 840 1960 Staio!
861 1918 899 1958 an
914 1897 1021 1959 scilicit
1033 1897 1152 1959 haeres!

210 2005 288 2076 Quis
302 2005 399 2086 potior
406 2003 512 2084 judex,
526 1983 683 2085 puerisque
696 1983 765 2083 quis
778 2002 994 2084 aptiororbis!
1170 2007 1209 2064 20

211 2107 281 2168 Hoc
295 2106 399 2188 igitur,
413 2127 474 2187 quo
487 2118 521 2168 tu
534 2108 557 2169 J
559 2107 625 2169 o‘vis
638 2128 743 2168 eurem
757 2107 910 2189 impellere
923 2116 1032 2184 tentes‚'

210 2213 273 2273 Dic
287 2211 416 2294 agedum
432 2210 527 2273 Staio.
569 2211 655 2272 Proh
670 2211 813 2293 Jupiter!
835 2213 954 2287 obone,
969 2211 1090 2291 clamet,

207 2316 352 2398 Jupiter!
374 2325 405 2377 et
418 2337 480 2378 sese
494 2337 554 2377 non
570 2315 678 2378 clamet
691 2307 817 2398 Jupiter
829 2317 916 2398 ipse!

208 2423 368 2505 Ignovisse
380 2432 478 2504 putes,
494 2421 575 2508 quia,
590 2443 660 2483 cum
675 2431 768 2500 tonet,
782 2423 865 2484 ocius
879 2422 939 2484 ilex

208 2527 360 2610 Sulphure
373 2527 537 2594 discutitur
550 2549 646 2605 sacro,
661 2549 753 2608 quem
766 2538 859 2608 tuque
873 2528 1064 2610 domusque!

205 2636 258 2695 An
273 2633 419 2714 quianon
433 2631 517 2698 fibris
531 2632 646 2709 ovium,
661 2633 863 2716 Ergenudque
871 2634 1005 2716 jubente,

205 2740 303 2801 Triste
311 2739 395 2821 jaces
409 2737 485 2799 lucis
498 2738 731 2822 enitendumque
744 2739 887 2818 bidental,

205 2844 328 2905 Idcirco
342 2842 482 2904 stolidam
496 2844 609 2924 praebet
622 2843 678 2904 tibi
692 2843 801 2906 vellere
815 2845 939 2905 barbam

203 2950 350 3032 Jupiter!
370 2960 422 3010 aut
436 2948 581 3030 quidnam
594 2958 649 3018 est,
664 2948 724 3028 qud
737 2959 770 3008 tu
784 2950 922 3010 mercede
937 2951 1073 3011 Deorum

152 3097 157 3104 ·
200 3055 325 3118 ·Emcris
339 3054 514 3117 auriculas!
535 3053 677 3136 pulmone
690 3063 720 3115 et
733 3053 860 3116 lectibus
875 3054 996 3115 unctis!
1168 3059 1206 3116 30
