2750 4378
509 593 614 637 suasu
636 597 746 638 suumn
769 598 898 643 avinus.

234 1226 257 1288 J
259 1247 309 1287 am
323 1225 422 1308 pueris
436 1223 543 1306 pellem
558 1225 741 1294 succinctus,
758 1231 787 1284 et
800 1223 998 1305 oenophcrum
1012 1231 1114 1306 aptas:
1140 1227 1196 1285 140

193 1331 299 1412 Ocyus
313 1332 353 1392 ad
367 1350 495 1391 navem:
518 1328 561 1388 nil
576 1332 683 1405 obstat,
698 1329 770 1409 quin
785 1329 868 1390 trabe
881 1329 968 1391 vasti

192 1437 335 1518 AEgaeum
350 1436 457 1516 rapias,
472 1433 531 1494 nisi
544 1433 637 1495 solers
652 1434 796 1511 Luxuria,
811 1445 880 1495 ante

190 1541 353 1601 Seductum
370 1547 500 1613 moneat,
517 1538 621 1610 “Quo
634 1539 754 1611 deinde,
769 1539 881 1613 insane,
898 1540 986 1601 ruisi
1016 1541 1110 1613 Quot

189 1645 305 1718 “Quid
319 1644 373 1705 tibi
388 1644 458 1705 vis?
480 1643 577 1704 calido
592 1645 647 1704 sub
661 1654 783 1726 pectore
796 1645 931 1706 mascula
945 1645 1013 1706 bilis

189 1759 211 1791 ‘⁴
224 1750 384 1823 Intumuit,
399 1769 491 1829 quam
507 1770 567 1810 non
582 1750 743 1812 extinxerit
758 1771 834 1810 urna
847 1749 979 1837 cicutae?

188 1863 209 1896 “
219 1856 298 1918 Tun'
309 1877 392 1916 mare
403 1854 580 1916 transilias?
622 1855 690 1916 Tibi
705 1856 784 1916 torti
799 1857 931 1917 cannabe
946 1856 1023 1916 fulto

188 1969 209 2000 “
220 1960 318 2022 Coena
332 1960 370 2021 sit
384 1961 415 2019 in
430 1959 584 2020 transtro?
624 1959 886 2041 Veientanumque
901 1961 1051 2022 rubellum
1127 1993 1128 2000 κ

97 2129 102 2140 ,
186 2073 206 2106 “
218 2064 359 2143 Exhalet,
374 2063 486 2145 vapidi
499 2064 606 2124 laesum
619 2064 696 2145 pice,
711 2066 822 2125 sessilis
837 2066 937 2127 obbai

186 2178 208 2210 ‘⁴
221 2170 306 2242 Quid
318 2170 418 2251 petis?
439 2178 473 2231 ut
486 2170 612 2246 nummi,
626 2191 702 2250 ques
716 2170 766 2230 hic
780 2172 948 2251 quincunce
962 2173 1098 2233 modesto

185 2279 207 2314 “
221 2275 391 2348 Nutrieras‚
408 2283 535 2356 pergant
549 2274 652 2336 avidos
666 2275 775 2335 sudare
789 2275 943 2336 deunces‘t
1129 2282 1185 2340 150

185 2392 207 2422 “
218 2382 352 2462 Indulge
366 2380 453 2464 genio
467 2402 474 2440 :
498 2401 655 2461 carpamus
670 2381 793 2456 dulcia3
815 2391 953 2442 nostrum
967 2394 1012 2444 est

183 2497 206 2528 “
218 2489 311 2561 Quod
325 2485 423 2548 vivis:
447 2485 532 2562 cinis,
546 2495 577 2546 et
590 2505 704 2559 manes,
720 2496 749 2546 et
761 2486 864 2547 fabula
877 2486 943 2549 fies.

182 2593 291 2654 “Vive
302 2613 418 2654 memor
426 2590 516 2652 lethi:
540 2590 718 2672 fugithora:
741 2589 1184 2672 hocquodloquor‚indeest.”

183 2700 232 2761 En
246 2699 321 2778 qnid
335 2695 424 2779 agis?
446 2695 560 2776 duplici
573 2695 604 2754 in
619 2694 773 2756 diversum
787 2695 931 2756 scindetis
945 2697 1044 2758 hamo.

183 2803 353 2880 Hunccine,
369 2823 407 2862 an
422 2800 504 2860 hune
518 2800 672 2879 sequeris?
693 2802 797 2861 subeas
812 2799 942 2861 altemus
955 2813 1084 2883 oportet,
1184 2832 1186 2842 ·

182 2909 317 2990 Ancipiti
326 2904 473 2986 obsequio
487 2904 636 2977 dominos,
653 2904 782 2965 alternus
796 2906 925 2966 oberres.

182 3020 245 3078 Nec
259 3024 293 3075 tu
308 3034 378 3074 cnm
392 3010 541 3072 obstiteris
556 3009 658 3086 semel,
671 3009 849 3089 instantique
862 3009 980 3091 negaris

181 3125 294 3184 Parere
308 3117 446 3200 imperio,
462 3123 483 3156 ‘⁴
495 3115 561 3197 rnpi
571 3115 585 3195 j
590 3135 637 3175 am
652 3114 805 3192 vincula,''
820 3114 913 3175 dicas.
