2754 4380
504 569 611 612 mrsu
631 571 742 615 sunu
765 569 901 618 Quum·
980 619 983 626 ,

205 1105 251 1165 At
265 1103 289 1164 si
304 1111 422 1178 unctae,
437 1123 544 1177 cesses,
559 1112 588 1165 et
601 1102 678 1186 figas
692 1103 722 1164 in
737 1112 806 1165 cute
820 1103 923 1178 solem,

206 1210 263 1271 Est
277 1228 369 1290 prope
381 1219 410 1270 te
424 1209 555 1292 ignotus,
569 1210 672 1272 cubito
685 1208 738 1289 qui
751 1218 864 1289 tangat,
878 1219 909 1270 et
922 1230 990 1271 aere

206 1315 343 1398 Despuat
355 1317 386 1377 in
400 1337 508 1378 mores.

204 1423 370 1499 Oaedimus,
384 1421 474 1501 inque
487 1420 584 1482 vicem
599 1420 766 1501 proebemus
779 1441 868 1481 crura
880 1421 1008 1503 sagittiS.
1164 1427 1203 1482 42

204 1514 328 1575 Vivitur
341 1514 399 1596 hoc
412 1524 520 1596 pacto:
536 1514 579 1575 sic
592 1515 744 1576 novimus.
788 1515 847 1577 Ilia
860 1516 963 1578 subter

204 1620 331 1681 Oaecum
344 1620 454 1682 vulnus
468 1619 576 1698 habes3
598 1621 652 1682 sed
665 1621 727 1683 lato
740 1621 856 1684 balteus
870 1641 944 1683 auro

205 1723 369 1808 Praetegit5
390 1736 425 1787 ut
437 1726 544 1805 mavis,
558 1727 599 1792 da
611 1728 703 1789 verba
715 1737 744 1789 et
758 1728 862 1809 decipe
877 1747 992 1803 nervos,

205 1827 238 1890 si
252 1841 345 1911 potes.
386 1831 587 1915 “Egregium
601 1853 671 1895 cum
684 1853 734 1894 me
747 1832 858 1894 vicinia
870 1832 961 1894 dicat.

204 1934 236 1996 N
238 1954 277 1995 on
291 1936 410 1997 credam
421 1936 453 1996 i’'
473 1936 549 1997 Viso
562 1937 588 1996 si
601 1936 705 2018 palles,
719 1937 863 2019 improbe,
878 1957 1013 2011 nummo,

205 2039 239 2102 Si
251 2039 325 2102 iacis
338 2041 369 2100 in
383 2061 489 2121 penem
502 2041 647 2121 quiequid
661 2040 716 2102 tibi
729 2042 811 2104 venit
824 2062 971 2120 amarum,

203 2145 237 2206 si
252 2144 352 2225 puteal
363 2144 460 2205 multi
472 2155 577 2206 cautus
591 2145 690 2208 vibice
703 2145 848 2228 flagellas,

204 2250 419 2331 Nequicquam
432 2250 545 2332 populo
558 2250 674 2312 bibulas
687 2251 843 2314 donareris
856 2274 952 2314 aures.
1163 2257 1203 2314 50

204 2357 325 2439 Repsue
338 2355 421 2436 quod
434 2375 495 2416 non
509 2355 668 2418 es-toliat
681 2377 735 2418 sua
749 2378 873 2419 munera
886 2358 986 2420 cerdo.

202 2462 316 2524 Tecum
328 2461 442 2536 habita,
456 2471 487 2524 et
499 2463 580 2524 noris
593 2482 685 2543 quam
698 2463 738 2525 sit
750 2462 805 2525 tibi
818 2473 904 2526 curta
915 2463 1059 2545 supellex.
