2754 4380
406 597 408 602 ι
482 541 587 582 PERSH
609 541 720 584 SA'HRA
740 542 871 589 QUIN'M·

187 1092 288 1154 Verba
302 1101 380 1174 togae
395 1093 538 1173 sequeris,
547 1092 693 1174 juncturi
707 1092 833 1154 callidus
848 1091 919 1166 acri,

188 1195 250 1257 Ore
264 1206 339 1258 teres
352 1199 482 1275 modico,
497 1197 641 1279 pallentes
656 1198 759 1259 radere
773 1218 869 1258 mores

189 1300 317 1377 Doctus,
331 1310 359 1362 et
372 1301 503 1384 ingenuo
517 1301 637 1382 culpam
651 1300 781 1383 defigere
794 1300 880 1362 ludo.

189 1402 273 1464 Hinc
287 1405 370 1467 trahe
384 1406 468 1485 quod
482 1406 585 1482 dicas3
607 1426 784 1486 mensasque
798 1405 929 1486 relinque
943 1405 1083 1486 Mycenis

187 1508 268 1569 Cum
283 1510 388 1591 capite,
403 1521 431 1572 et
445 1511 585 1592 pedibus;
600 1511 773 1592 plebeioque
787 1511 913 1592 prandia
925 1511 1015 1571 ndris.

228 1615 363 1676 Persius.
387 1615 458 1676 Non
472 1617 610 1696 equidem
624 1616 682 1676 hoc
696 1617 811 1690 studeo,
826 1616 947 1678 bullatis
964 1625 1000 1679 ut
1011 1615 1086 1677 mihi
1099 1615 1188 1697 nugis

188 1719 307 1802 Pagina
321 1728 484 1803 turgescat,
499 1722 568 1781 dare
581 1721 697 1802 pondus
711 1720 819 1782 idonea
831 1719 926 1782 sumo.
1148 1723 1187 1780 20

189 1823 303 1887 Secreti
316 1825 487 1906 loquimur:
508 1827 563 1886 tibi
576 1847 666 1899 nunc,
682 1825 821 1887 hortante
836 1825 991 1899 Camoend,

189 1929 380 1993 Excutienda
392 1933 499 1992 damus
513 1931 697 2013 praecordia:
722 1941 894 2011 quantaque
906 1941 1014 1992 nostrae

189 2036 266 2096 Pars
280 2037 393 2110 tussit,
410 2036 556 2113 Cornuto,
571 2037 689 2114 animae,
705 2036 770 2110 tibi,
783 2035 881 2098 dulcis
896 2036 1000 2113 amice,

189 2139 363 2202 Ostendisse
372 2142 471 2222 juvat.
515 2141 621 2216 Pulsa,
637 2141 811 2222 dignoscere
825 2150 939 2216 cautus,

189 2244 273 2318 Quid
286 2245 414 2306 solidum
429 2256 538 2327 crepet,
554 2255 583 2307 et
596 2246 683 2326 pictae
698 2246 820 2307 tectoria
831 2245 956 2328 linguae.

189 2348 250 2411 His
262 2370 319 2433 ego
333 2360 470 2413 centenas
484 2351 580 2412 ausim
595 2352 752 2432 deposcere
765 2372 865 2426 voces,

189 2455 244 2532 Ut,
258 2465 404 2535 quantum
418 2457 493 2517 mihi
507 2467 536 2518 te
549 2458 669 2518 sinuoso
683 2458 714 2517 in
728 2468 846 2539 pectore
859 2457 923 2532 fixi,

187 2559 272 2622 Voce
285 2561 402 2622 traham
416 2563 492 2643 puri
500 2586 509 2640 ;
537 2571 695 2644 totumque
709 2563 767 2625 hoc
780 2563 871 2624 verba
885 2563 1042 2643 resignent,

189 2665 280 2737 Quod
293 2666 364 2727 latet
377 2668 486 2728 arcani
500 2690 560 2729 non
574 2667 738 2730 enarrabile
752 2667 840 2728 fibra.

229 2769 308 2830 Cum
323 2773 453 2851 primum
467 2774 575 2854 pavido
589 2781 689 2835 custos
702 2772 777 2832 mihi
791 2793 922 2854 purpura
935 2772 1032 2848 cessit,
1148 2775 1187 2833 30

189 2874 340 2955 Bullaque
354 2875 513 2937 succinctis
528 2876 656 2938 Laribus
670 2878 779 2939 donata
791 2878 951 2958 pependit3

189 2978 268 3040 Cum
282 2979 384 3041 blandi
397 2980 542 3058 comites,
564 2982 688 3062 totaque
702 2982 823 3064 impune
838 2981 972 3042 Suburri

189 3085 332 3146 Permisit
344 3085 485 3167 sparsisse
499 3085 602 3146 oculos
610 3087 677 3167 jam
691 3088 838 3148 candidus
853 3087 963 3163 umbo,

189 3189 327 3270 Cumque
340 3191 396 3251 iter
409 3190 585 3273 ambiguum
598 3201 701 3265 est-et
713 3192 785 3254 vitae
800 3191 916 3252 nescius
929 3212 1012 3252 error

189 3297 317 3358 Diducit
329 3298 459 3378 trepidas
473 3318 592 3359 ramosa
604 3297 640 3358 in·
649 3299 781 3382 compita
794 3308 928 3374 mentesa

188 3399 243 3461 Me
256 3401 310 3462 tibi
324 3403 482 3484 supposui:
508 3411 626 3482 teneros¹
638 3413 671 3466 tu
684 3405 809 3487 suscipis
823 3423 914 3466 annos

188 3504 352 3586 Socratico,
366 3507 511 3584 cornute,
526 3509 604 3570 sinu.
