2750 4378
604 565 685 606 BPOD
707 565 848 606 nouam

345 998 366 1030 “
380 997 458 1056 Arat
473 995 590 1056 Falerni
605 994 685 1084 mille
698 995 783 1056 fundi
793 998 913 1078 jugera,

425 1105 445 1138 “
463 1099 504 1160 Et
518 1099 651 1180 Appiam
668 1100 784 1160 mannis
797 1101 885 1161 terit:

348 1210 369 1241 ‘⁶
386 1202 594 1283 sedilibusque
608 1223 735 1285 magnus
750 1205 780 1264 in
796 1207 899 1286 primis
913 1227 1012 1287 eques,

429 1317 450 1347 “
466 1308 585 1369 Othone
599 1320 781 1390 contempto,
798 1312 893 1372 sedet.

348 1417 368 1451 “
384 1412 468 1485 Quid
481 1414 586 1474 attinet
600 1422 644 1474 tot
658 1435 711 1474 ora
724 1415 845 1474 navium
861 1416 947 1497 gravi
977 1461 980 1468 ,

428 1524 448 1557 “
465 1519 606 1579 Rostrata
619 1519 690 1579 duci
705 1521 845 1601 pondere,

348 1632 369 1662 “
384 1624 498 1685 Contra
511 1625 639 1685 latrones
653 1635 742 1704 atque
756 1625 894 1686 servilem
908 1647 1042 1703 manum,

318 1774 330 1796 .
423 1738 445 1768 ‘⁶
462 1729 542 1805 Hoc,
556 1730 614 1790 hoc
629 1730 750 1790 tribuno
764 1729 893 1789 militum
904 1730 938 1790 ?’'

595 2087 819 2096 ...--.---

412 2314 514 2373 Erou.
531 2313 570 2373 V.
616 2313 657 2373 Ia
675 2315 835 2376 Canidiam
854 2315 1030 2397 Vertefioom.

348 2584 370 2618 ‘⁶
385 2582 428 2639 At
443 2578 491 2640 0!
516 2579 650 2640 Deorum
665 2579 809 2659 quiequid
823 2579 853 2638 in
868 2579 943 2640 oaelo
957 2578 1032 2660 regit

424 2689 444 2721 “
459 2685 566 2744 'ferras
581 2693 609 2744 et
622 2685 788 2744 humanum
803 2685 915 2766 genus!

347 2793 367 2824 “
382 2789 466 2860 Quid
481 2791 534 2850 iste
547 2787 605 2849 fert
620 2788 789 2849 tumultus?
810 2800 839 2849 et
852 2789 924 2869 quid
937 2788 1070 2848 omnium

428 2902 449 2932 “
464 2895 574 2954 Vultus
588 2893 619 2954 in
634 2915 728 2954 unum
743 2915 790 2955 me
804 2905 903 2954 truces
915 2894 928 2953 t

346 3004 366 3035 “
382 3000 444 3060 Per
458 2998 567 3060 liberos
582 3011 611 3061 te
626 2999 666 3080 (si
680 3011 785 3060 vocata
799 2999 943 3078 partubus

427 3111 447 3143 “
463 3106 577 3166 Lucina
591 3106 669 3165 veris
684 3103 805 3185 adfuit),

348 3221 369 3252 “
385 3212 447 3273 Per
461 3210 517 3271 hoo
532 3212 619 3270 inane
633 3229 773 3289 purpurae
788 3209 877 3269 decus
890 3227 1003 3287 precor,

428 3325 449 3355 ‘⁴
467 3316 528 3378 Per
542 3315 780 3395 improbaturum
796 3314 860 3374 haee
874 3312 897 3374 J
900 3333 997 3384 ovem,
