2750 4378
506 601 612 642 rnnsn
633 601 744 642 serlus
766 601 898 648 QUllffl·

200 1225 232 1285 N
234 1225 315 1288 avim
326 1225 354 1292 si
366 1234 470 1308 poscat
483 1225 539 1287 sibi
553 1236 711 1308 peronatus
726 1235 826 1288 arator

198 1329 332 1394 Luciferi
345 1333 447 1409 rudis3
469 1331 616 1393 exclamet
631 1331 799 1410 Melicerta,
813 1333 923 1413 perisse

198 1435 340 1498 Frontem
353 1437 392 1500 de
405 1438 504 1499 rebus.
546 1437 614 1499 Tibi
627 1447 708 1499 recto
721 1439 823 1500 vivore
838 1438 898 1500 talo

198 1542 259 1602 Ars
274 1541 379 1604 dedit?
399 1551 429 1603 et
442 1541 505 1604 reri
518 1542 645 1622 speciem
660 1542 835 1624 dignoscere
849 1542 949 1616 calles,

198 1646 230 1706 N
232 1667 248 1707 e
261 1666 322 1727 qua
335 1648 484 1710 subarata
499 1647 675 1708 mendosum
688 1647 797 1710 tinniat
807 1647 902 1709 auro?

196 1750 334 1834 Quaeque
347 1753 496 1834 sequenda
507 1752 615 1830 forent,
630 1771 757 1834 quaeque
771 1754 912 1816 evitanda
924 1752 1068 1830 vicissim,

197 1854 258 1917 Illa
271 1858 353 1939 prius
366 1858 457 1932 creti,
472 1879 545 1919 mox
558 1857 626 1919 haec
640 1859 769 1919 carbone
782 1858 916 1919 notasti?

197 1962 241 2022 Es
255 1962 391 2024 modicus
404 1962 493 2024 voti?
514 1983 616 2044 presso
629 1962 716 2023 lare?
737 1962 833 2023 dulcis
847 1961 975 2024 amicis?

195 2068 219 2129 J
221 2088 270 2128 am
284 2087 365 2128 nunc
379 2067 538 2149 astringas,
548 2069 614 2148 jam
628 2087 709 2127 nunc
723 2067 860 2148 granaria
872 2067 977 2128 laxes?
1140 2069 1195 2126 110

197 2173 295 2252 Inque
306 2172 370 2232 luto
384 2171 491 2246 fixum,
506 2172 602 2253 possis
614 2172 821 2232 transcendere
834 2192 1004 2246 nummum,

196 2277 264 2338 Nec
277 2275 364 2358 gluto
376 2277 494 2338 sorbere
508 2275 634 2336 salivam
649 2275 884 2336 Mercurialem?

196 2380 277 2442 Haec
291 2402 358 2442 mea
372 2391 450 2457 sunt,
465 2391 563 2456 teneo,
579 2402 648 2443 cum
662 2402 731 2444 vere
744 2381 876 2456 dixeris;
898 2391 960 2442 esto

196 2485 346 2567 Liberque
358 2497 387 2548 et
400 2487 526 2569 sapiens,
541 2487 720 2569 praetoribus
733 2494 762 2548 et
774 2486 798 2547 J
800 2507 856 2548 ove
870 2487 984 2547 dextro.

237 2591 290 2652 Sin
302 2602 348 2666 tu,
364 2612 434 2654 cum
446 2591 537 2654 fueris
550 2603 662 2654 nostra
676 2592 766 2674 pauld
781 2597 851 2655 ante
864 2591 981 2666 farinae,

196 2696 376 2758 Pelliculam
392 2707 523 2758 veteram
538 2697 664 2775 retines3
686 2708 715 2758 et
728 2697 828 2761 fronte
841 2697 964 2778 politus,

195 2804 337 2864 Astutam
349 2801 459 2882 vapido
473 2822 572 2862 servas
586 2803 641 2864 sub
656 2811 773 2883 pectore
786 2801 929 2883 vulpem3

197 2909 276 2981 Quae
291 2908 431 2970 dederam
446 2929 536 2990 supra
548 2919 659 2990 repeto,
675 2909 837 2988 funemque
851 2909 974 2970 reduco.

197 3015 253 3076 Nil
265 3014 320 3076 tibi
333 3015 479 3076 concessit
493 3014 603 3076 Ratio:
625 3013 755 3096 digitum
769 3034 865 3090 exere,
879 3033 1001 3094 peccas:

197 3121 238 3181 Et
250 3119 324 3200 quid
336 3130 400 3181 tam
413 3140 540 3200 parvum
555 3119 622 3181 est?
643 3119 695 3180 sed
709 3117 793 3180 nullo
808 3119 895 3180 thure
908 3118 1010 3182 litabis
1138 3124 1194 3181 120

196 3223 322 3288 Haereat
334 3226 366 3286 in
379 3224 478 3288 stultis
491 3225 590 3289 brevis
604 3233 638 3286 ut
650 3224 803 3288 semuncia
815 3226 900 3287 recti.
