2750 4378
548 603 629 642 EPOD
652 601 797 642 nostrus

297 814 436 874 Libenter
449 813 507 873 hoc
521 823 549 873 et
562 834 650 873 omne
664 812 840 872 militabitur

374 919 496 978 Bellum
510 917 540 976 in
556 927 615 979 tuae
631 939 714 999 spem
729 917 856 999 gratiae:

295 1025 366 1084 Non
382 1033 414 1083 ut
424 1023 562 1104 juvencis
576 1023 697 1104 alligata
711 1021 846 1102 pluribus

375 1131 483 1188 Aratra
497 1129 632 1187 nitantur
645 1147 729 1202 mea3

295 1219 431 1297 Pecusue
446 1234 581 1294 Calabris
596 1248 663 1296 ante
678 1234 759 1294 sidus
773 1233 924 1294 fervidum

376 1341 499 1400 Lucana
512 1348 605 1399 mutet
619 1359 748 1419 pascuc;

294 1446 361 1506 Nec
375 1456 408 1505 ut
422 1445 541 1524 superni
555 1443 627 1503 villa
641 1445 771 1505 candens
785 1442 917 1518 Tusculi,

374 1550 493 1610 Circaea
507 1558 611 1630 tangat
625 1549 747 1610 moenia.

296 1656 373 1717 Satis
388 1673 534 1734 superque
549 1675 596 1713 me
610 1655 777 1736 benignitas
791 1663 843 1713 tua

376 1759 510 1819 Ditarit:
533 1758 614 1819 haud
629 1780 773 1840 paravero

290 1867 381 1940 Quod
394 1873 455 1936 aut,
471 1883 579 1924 avarus
594 1875 628 1924 ut
639 1865 794 1937 Chremes,
812 1863 891 1924 terri
907 1881 1054 1942 premam,

375 1968 550 2029 Discinctus
564 1980 616 2029 aut
630 1971 751 2050 perdam
766 1981 798 2028 ut
812 1988 914 2048 nepos.

591 2315 691 2377 Eron.
711 2311 759 2372 II.

298 2502 411 2562 Beatus
423 2498 484 2572 ille,
500 2499 553 2577 qui
566 2495 673 2577 procul
686 2491 824 2575 negotiis,

376 2605 421 2664 Ut
433 2602 532 2683 prisea
545 2621 618 2683 gens
630 2597 816 2668 mortalium,

296 2711 428 2769 Paterna
442 2729 512 2768 rura
524 2707 620 2766 bubus
634 2713 752 2765 exercet
765 2701 837 2776 suis,

380 2812 502 2873 Solutus
517 2811 599 2870 omni
613 2809 726 2869 foenorc
740 2830 747 2868 ι

299 2919 406 2998 Neque
420 2917 563 2977 excitatur
577 2914 702 2974 classico
716 2911 801 2972 miles
814 2908 902 2982 truci,

378 3023 485 3100 Neque
498 3021 599 3080 horret
612 3018 721 3078 iratum
736 3036 837 3076 mare:

301 3130 473 3206 Forumque
487 3125 571 3196 vitat,
586 3133 616 3184 et
629 3123 756 3204 superba
769 3120 881 3180 civium

382 3232 591 3296 Potentiorum
604 3228 718 3289 limina

243 3383 246 3388 ·
301 3342 385 3423 Ergo
399 3347 451 3399 aut
463 3338 570 3398 adulta
581 3335 688 3396 vitium
702 3329 865 3413 propagine

381 3442 468 3505 Altas
483 3441 601 3502 maritat
614 3436 753 3518 populos,

302 3548 488 3626 Inutilesque
500 3545 576 3605 falce
590 3563 689 3602 ramos
703 3549 872 3620 amputatae,

383 3652 542 3714 Feliciores
556 3647 658 3709 inserit
671 3669 680 3721 ;
