2750 4378
495 539 600 580 Pnnsrr
623 535 733 577 surm
757 535 887 582 aururs-

253 1166 298 1227 At
311 1173 340 1225 te
353 1163 506 1225 nocturnis
515 1163 602 1246 jaret
615 1159 818 1243 impallescere
832 1159 952 1222 chartis.

211 1271 320 1334 Cultor
333 1270 412 1333 enim
420 1268 581 1352 juvenum,
595 1277 736 1350 purgatas
748 1267 854 1328 inseris
868 1287 960 1329 aures·

214 1376 314 1458 Fruge
327 1374 505 1438 Cleanthed.
547 1373 647 1436 Petite
660 1372 740 1449 hinc,
750 1373 936 1454 juvenesque
950 1392 1103 1452 senesque,
1167 1423 1169 1426 .
1201 1389 1203 1394 ’

212 1479 317 1543 Finem
331 1481 430 1542 animo
444 1489 571 1553 certum,
588 1479 761 1559 miserisque
775 1476 885 1538 viatica
898 1477 991 1539 canis.

255 1593 276 1624 “
288 1585 365 1647 Cras
374 1584 433 1646 boc
443 1583 528 1646 fiet.''
545 1582 634 1644 Idem
645 1604 711 1644 cras
722 1583 785 1644 fiet.
809 1585 830 1620 “
842 1581 1210 1664 Quidlquasimagnum‚
1264 1645 1270 1653 ,
1319 1653 1328 1672 .

214 1691 332 1774 Nempe
345 1690 426 1752 diem
441 1688 583 1752 donasl''
626 1689 687 1750 Sed
702 1709 772 1749 cum
785 1688 839 1749 lux
853 1687 948 1749 altera
962 1687 1054 1761 venit,

211 1799 235 1860 J
237 1819 285 1859 am
300 1817 366 1858 cras
379 1795 551 1858 hesternum
565 1795 806 1875 consumpsimus
818 1815 826 1855 ι
847 1815 920 1856 ecce
929 1792 1012 1855 aliud
1027 1814 1093 1856 cras

212 1903 319 1986 Egerit
332 1902 387 1964 hos
400 1921 505 1974 annos,
522 1910 552 1961 et
561 1921 677 1981 semper
690 1900 812 1981 paulum
827 1898 882 1961 erit
896 1898 991 1960 ultra:

213 2008 296 2068 Nam
310 2005 449 2087 quamvis
462 2024 554 2085 prope
566 2014 607 2077 te,
622 2003 761 2083 quamvis
775 2013 893 2065 temone
907 2003 963 2064 sub
981 2023 1052 2077 uno,
1174 2007 1213 2064 70

212 2113 385 2174 Vertentem
400 2129 473 2183 sese,
489 2108 600 2170 frustri
614 2109 763 2174 sectabere
777 2108 930 2183 canthum,

211 2215 294 2278 Cum
308 2223 374 2276 rota
388 2213 532 2295 posterior
545 2234 659 2287 curras,
674 2213 747 2275 etin
761 2233 816 2304 arse
829 2215 971 2288 secundo.

254 2319 438 2381 “Libertate
452 2340 527 2400 opus
542 2318 709 2380 est''-non
722 2317 792 2392 hdo,
808 2318 878 2398 qui,
892 2328 927 2381 ut
941 2318 1068 2401 quisque
1082 2318 1193 2381 Velina

215 2423 343 2485 Publius
357 2424 494 2498 emeruit,
511 2424 679 2486 scabiosum
694 2423 837 2486 tesserula
851 2423 896 2485 sar

214 2526 365 2589 Possidet.
408 2529 480 2591 Heu
493 2529 607 2592 steriles
620 2529 696 2604 veri,
708 2529 816 2611 quibus
830 2550 890 2590 una
903 2529 1053 2601 Quiritem

214 2631 340 2715 Vertigo
353 2633 446 2695 facit!
490 2635 552 2696 Hic
568 2636 671 2696 Dama
684 2645 737 2708 est,
753 2655 814 2695 non
828 2634 929 2695 tressis
942 2656 1033 2717 agaso
1041 2657 1051 2712 3

214 2737 322 2818 Vappa
333 2749 362 2800 et
375 2738 486 2820 lippus,
500 2750 530 2802 et
543 2741 574 2801 iu
588 2741 668 2802 tenui
680 2740 832 2823 farragine
845 2741 993 2802 mendax:

214 2843 348 2905 Verterit
360 2844 441 2908 huuc
454 2845 606 2923 dominus,
620 2856 771 2908 momento
786 2847 921 2908 turbinus
935 2847 998 2907 exit

216 2947 342 3010 Marcus
356 2950 469 3012 Dema.
513 2951 629 3033 Papae!
653 2952 761 3015 Marco
776 2952 939 3034 spondente
953 2973 1071 3015 recusas

213 3054 345 3116 Credere
358 3064 391 3116 tu
405 3058 568 3118 nummos?
609 3056 786 3121 Mamosub
795 3058 901 3140 judice
914 3058 1027 3140 palles?
1175 3060 1214 3118 80

216 3156 342 3221 Marcus
356 3160 442 3235 dixit,
457 3161 500 3223 ito
512 3171 566 3223 est.
