2750 4378
563 621 657 662 EPOD.
680 620 822 661 nonnum.

308 1043 436 1102 Etrusca
449 1049 559 1120 praeter
573 1047 602 1099 et
615 1037 713 1099 volate
726 1036 835 1097 littora.
1141 1038 1181 1094 40

309 1145 376 1206 Nos
391 1155 491 1205 manet
506 1143 647 1204 Oceanus
663 1144 872 1223 circumvagus
881 1163 890 1216 3
914 1158 986 1201 arva
998 1141 1083 1201 beata

308 1250 453 1311 Petamus
468 1269 551 1324 arva,
567 1247 675 1308 divites
691 1257 720 1308 et
734 1247 856 1323 insulas,

308 1354 422 1430 Reddit
435 1354 487 1414 ubi
503 1352 642 1413 Cererem
655 1353 742 1414 tellus
755 1354 870 1414 inarata
883 1351 1050 1434 quotannis,

307 1459 348 1521 Et
362 1460 507 1540 imputata
520 1458 608 1518 floret
621 1479 714 1538 usque
731 1459 833 1534 vinea;

306 1565 465 1627 Germinat
478 1574 508 1624 et
521 1585 676 1643 nunqnam
690 1563 821 1626 fallentis
834 1575 940 1624 termes
954 1562 1061 1635 olivae3

309 1669 461 1749 Suamque
475 1668 557 1750 pulla
570 1670 647 1729 ficus
661 1681 747 1730 ornat
761 1671 897 1730 arborem
911 1692 919 1744 ;

306 1773 403 1835 Mella
415 1795 490 1834 cava
503 1786 624 1834 manant
639 1795 675 1834 ex
689 1774 778 1849 ilice;
802 1774 950 1834 montibus
964 1773 1032 1834 altis

310 1881 399 1941 Levis
413 1889 551 1960 crepante
565 1879 690 1960 lympha
704 1879 803 1940 desilit
816 1879 901 1960 pede.

308 1984 379 2044 Illic
392 1984 515 2064 injussa}
531 1985 654 2045 veniunt
668 1984 707 2045 ad
722 1983 848 2044 mulctra
861 1983 994 2064 capellae,

309 2087 469 2167 Refertque
483 2097 564 2148 tenta
577 2109 649 2169 grex
664 2088 777 2148 amicus
788 2089 897 2148 uberae
1146 2089 1185 2146 50

308 2193 374 2254 Nec
390 2193 573 2273 vespertinus
588 2194 797 2274 circumgemit
810 2215 896 2254 ursus
909 2193 1008 2270 ovile;

309 2297 375 2358 Nec
389 2298 562 2357 intumescit
575 2297 635 2357 alta
648 2297 758 2378 viperis
771 2298 891 2359 humus.

308 2402 404 2465 Nulla
417 2411 527 2463 nocent
540 2402 639 2482 pecori
653 2403 802 2484 contagia,
817 2403 929 2464 nullius
942 2404 1015 2465 astri

311 2507 443 2590 Gregem
458 2516 587 2568 aestuoss
600 2519 694 2568 torret
708 2509 890 2588 impotentia.

309 2611 465 2692 Pluraque
476 2610 575 2671 felices
590 2613 782 2688 mirabimur;
804 2624 837 2672 ut
851 2633 946 2693 neque
960 2613 1051 2694 largis

308 2716 451 2796 Aquosus
466 2715 566 2776 Eurus
580 2737 652 2777 arva
666 2717 752 2777 radat
764 2717 919 2795 imbribus,

309 2819 442 2901 Pinguia
454 2841 508 2881 nee
523 2821 610 2882 siccis
624 2831 750 2883 urantur
763 2824 877 2883 semina
890 2824 1003 2905 glebis3

311 2925 483 3004 Utrumque
497 2947 566 3008 rege
579 2937 763 3007 temperante
777 2927 931 2989 Coelitum.

311 3029 382 3090 Non
397 3029 457 3090 huc
471 3031 577 3111 Argoo
592 3031 742 3092 contendit
754 3034 867 3114 remige
880 3033 979 3114 pinus,

311 3134 419 3214 Neque
432 3135 587 3215 impudica
601 3135 723 3196 Colchis
737 3135 836 3197 intulit
850 3137 975 3217 pedem:
1121 3193 1123 3198 ,
1146 3140 1185 3198 60

313 3240 384 3300 Non
399 3239 459 3300 huc
475 3240 589 3302 Sidonii
605 3251 753 3302 torserunt
767 3262 880 3302 cornua
893 3253 1004 3316 nautae,

309 3344 471 3405 Laboriosa
484 3365 537 3405 neo
552 3345 658 3404 cohors
672 3345 782 3406 Ulixei.

226 3495 282 3543 The
296 3493 358 3542 Poet
369 3493 463 3542 alludes
475 3503 501 3542 to
518 3495 561 3543 the
583 3495 717 3544 Fortunate
732 3496 831 3555 lalanda,
845 3499 924 3548 which
936 3513 1001 3547 were
1020 3496 1142 3560 supposed
1158 3500 1186 3542 to

189 3586 253 3634 exist
265 3585 414 3634 somewhere
427 3586 451 3634 in
462 3585 505 3636 the
520 3585 614 3636 Ocecn.
649 3587 800 3638 “Divitibus
812 3595 939 3639 consecrat
952 3589 1064 3639 insulis.”
1098 3587 1145 3637 Od.
1159 3587 1185 3636 8.

191 3673 220 3724 B.
238 3673 279 3723 lV.
301 3673 330 3723 L.
348 3674 390 3725 27.
