2754 4380
515 617 622 658 pensu
644 615 755 657 seman
777 615 914 661 Qunam.

253 1143 336 1216 Quin
349 1151 383 1205 tu
395 1143 487 1226 igitur
499 1142 617 1204 summi
627 1141 827 1222 nequicquam
838 1140 914 1222 pelle
928 1141 1066 1214 decorae,

212 1253 295 1314 Ante
307 1251 389 1312 diem
402 1250 513 1313 blando
523 1251 652 1312 caudam
662 1251 776 1332 jactare
789 1247 906 1331 popello

214 1356 346 1431 Desinis,
363 1356 530 1435 Anticyras
544 1355 650 1417 melior
664 1356 781 1416 sorbere
794 1373 940 1414 meracas.

255 1460 333 1533 Quae
347 1460 402 1520 tibi
416 1479 533 1521 summa
545 1459 615 1519 boni
629 1459 697 1520 eet?
718 1457 811 1518 uncti
825 1456 937 1518 vixisse
949 1454 1059 1538 patella

214 1567 348 1647 Semper,
364 1575 393 1627 et
407 1565 527 1626 assiduo
541 1574 645 1625 curata
659 1563 791 1624 cuticula
805 1563 878 1624 sole.

214 1673 351 1752 Expecta
363 1670 447 1731 haud
460 1669 543 1730 aliud
557 1669 737 1750 respondeat
750 1667 817 1729 haec
831 1655 929 1727 anus(
959 1668 975 1727 I
988 1685 1080 1739 nunc,

213 1775 446 1838 “Dinomaches
457 1795 514 1858 ego
522 1774 872 1836 sum''-suffla—“sum
885 1771 1167 1844 candidus’'-esto,
1175 1772 1214 1830 20

213 1884 300 1944 Dum
312 1903 350 1942 ne
364 1881 492 1943 deterius
506 1881 602 1962 sapiat
614 1881 764 1962 pannucia
778 1880 902 1954 Baucis,
1024 1877 1026 1884 '
1208 1877 1211 1888 '

211 1990 293 2052 Cum
306 1989 381 2049 bene
394 1986 523 2047 discinto
537 1987 701 2048 cantaverit
715 2007 824 2067 ocyma
834 2007 946 2048 vemae.

254 2093 299 2155 Ut
312 2111 400 2152 nemo
414 2092 445 2150 in
459 2112 521 2152 seue
540 2100 633 2152 tentat
647 2091 847 2153 descendere?
863 2091 974 2152 Nemo.

214 2197 277 2260 Sed
291 2194 475 2278 praecedenti
487 2204 639 2276 spectatur
651 2195 784 2258 mantica
796 2205 893 2278 tergo.
910 2249 915 2257 .

213 2301 390 2377 (lucenaria,
404 2304 426 2338 “
442 2299 565 2361 Nostin'
579 2299 703 2361 Ventidi
716 2301 832 2382 praedia
839 2300 872 2361 l''
911 2307 932 2339 ‘⁴
944 2299 1041 2381 Cujus
1049 2300 1083 2361 l”

214 2415 237 2447 ‘⁴
247 2405 343 2468 Dites
357 2415 422 2466 arat
435 2402 581 2482 Curibus,
595 2415 741 2486 quantum
755 2409 817 2466 non
832 2403 943 2467 milvus
957 2403 1107 2466 oberretss'

213 2519 236 2551 “
249 2511 343 2572 Hunc
358 2510 425 2572 ais?
447 2510 539 2588 hunc,
553 2511 600 2575 dis
615 2511 697 2572 iratis
712 2510 872 2592 Genioque
885 2510 1031 2571 sinistro?

216 2625 238 2656 “
251 2616 313 2688 Qui
327 2616 509 2697 quandoque
517 2617 630 2698 jugum
644 2626 763 2698 pertusa
776 2617 815 2678 ad
827 2616 959 2697 compita
970 2615 1052 2698 figit,

212 2726 236 2759 “
247 2720 370 2784 Seriolae
385 2722 494 2783 veteris
507 2732 642 2783 metuens
656 2722 797 2784 deradere
809 2723 928 2798 limum,

214 2833 238 2868 ‘⁶
250 2825 394 2907 Ingemit,
409 2826 467 2886 hoc
480 2827 557 2887 bene
570 2826 627 2886 sit:
651 2826 818 2887 tunicatum
833 2845 903 2886 cum
917 2824 978 2885 sale
992 2823 1133 2885 mordens
1175 2821 1213 2881 30

216 2934 237 2968 “
249 2929 352 3011 Cape,
367 2940 397 2992 et
410 2930 563 3006 famatam,
578 2931 678 3013 pueris
691 2930 911 3012 plaudentibus,
926 2929 1029 3005 ollam,
1202 2925 1212 2932 ”

214 3043 237 3076 “
248 3035 421 3098 Pannosam
434 3036 541 3100 faeoem
554 3037 708 3100 morientis
720 3039 817 3099 sorbet
831 3035 939 3098 aceti.”
