2754 4380
517 599 623 641 PERSH
644 601 753 642 stum
777 601 891 641 rums.

245 1307 292 1366 P.
316 1304 400 1378 Quid
413 1303 522 1365 faciam
534 1305 548 1364 l
561 1326 631 1366 nam
644 1325 711 1365 sum
725 1304 868 1385 petulanti
882 1303 983 1385 splene
996 1303 1155 1364 cachinno.

247 1413 294 1474 M.
318 1411 484 1472 Scribimus
498 1410 617 1486 inclusi,
628 1430 771 1470 numeros
779 1411 846 1486 ille,
860 1409 911 1470 hic
926 1409 1001 1490 pede
1014 1409 1100 1481 liber,

204 1517 328 1578 Grande
341 1515 456 1596 aliquid
469 1515 551 1596 quod
564 1515 667 1595 pulmo
681 1515 790 1575 animae
804 1514 971 1595 praelargus
984 1513 1111 1574 anhelet.

173 1682 176 1688 .
243 1623 290 1682 P.
314 1620 435 1682 Scilicet
447 1619 514 1681 haec
525 1619 645 1700 populo,
659 1639 809 1700 pexusque
822 1619 952 1702 togisque
965 1619 1084 1692 recenti,

204 1727 246 1787 Et
259 1725 394 1787 natalitia
408 1726 531 1787 tandem
546 1745 616 1785 cum
630 1725 819 1806 sardonyche
832 1725 928 1802 albus,

199 1832 281 1894 Sede
292 1831 371 1912 leges
385 1829 474 1906 celsd,
487 1829 603 1910 liquido
613 1850 688 1890 cum
701 1831 847 1910 plasmate
863 1841 969 1912 guttur
1008 1873 1011 1879 ·

203 1938 318 1998 Mobile
332 1935 482 2011 collueris‚
496 1936 627 2016 patranti
641 1935 755 1996 fractus
769 1937 874 2010 ocelle,

202 2041 267 2104 Hic
280 2061 376 2120 neque
390 2061 473 2100 more
485 2042 580 2121 probo
592 2041 707 2117 videas,
720 2061 818 2120 neque
830 2061 906 2102 voce
919 2041 1021 2102 serens

204 2146 348 2226 Ingentes
363 2145 512 2226 trepidare
526 2144 620 2218 Titos,
636 2165 707 2205 cum
721 2144 854 2206 carmina
866 2146 1003 2206 lumbum
1162 2150 1201 2206 20

201 2251 331 2322 Intrant,
346 2259 377 2311 et
390 2249 517 2310 tremulo
528 2249 702 2330 scalpuntur
715 2250 767 2310 ubi
780 2251 887 2310 intima
900 2271 998 2311 versu.

201 2355 289 2428 Tun',
304 2353 414 2431 vetule,
428 2353 569 2415 auriculis
584 2353 687 2415 alienis
700 2354 819 2436 colligis
833 2375 926 2429 escas,

200 2458 367 2533 Auriculis‚
381 2458 490 2539 quibus
503 2468 534 2520 et
547 2459 631 2519 dicas
645 2468 713 2519 cute
727 2460 872 2540 perditus,
887 2459 963 2521 ohel

211 2564 299 2636 ‘Quo
312 2564 464 2639 didicisse,
480 2564 538 2624 nisi
551 2563 611 2625 hoc
624 2564 814 2639 fermentum,
830 2573 860 2627 et
873 2587 942 2647 quse
957 2566 1047 2628 semel
1062 2566 1142 2627 intus

202 2677 223 2708 “
231 2671 340 2730 Innata
352 2679 409 2744 est,
424 2679 514 2751 rupto
522 2670 630 2750 jecore
639 2669 747 2731 exierit
759 2672 919 2753 caprificus
927 2672 960 2732 l''

201 2775 250 2834 En
263 2774 370 2855 pallor,
380 2775 573 2854 seniumque!
616 2777 766 2837 omoresl
781 2779 1001 2856 usqueadeone

201 2879 284 2941 Scire
294 2890 381 2941 tuum
392 2879 467 2939 nihil
479 2892 532 2957 est,
545 2881 604 2940 nisi
614 2892 642 2941 te
656 2881 733 2942 scire
746 2880 804 2942 hoc
818 2883 892 2942 sciat
906 2883 1000 2945 alter?

200 2987 276 3046 “At
289 2984 449 3066 pulchrum
462 2994 517 3061 est,
531 2986 626 3066 digito
639 2987 808 3058 monstrari,
822 2998 851 3047 et
864 2986 976 3049 dicier:
1000 2988 1050 3050 hio
1063 2988 1125 3050 est!

203 3094 224 3128 “
235 3091 307 3153 Ten’
320 3090 494 3152 cirratorum
508 3097 628 3152 centum
642 3088 754 3152 dictata
767 3089 869 3165 fuisse,
