<?xml version="1.0" encoding="UTF-8"?>
<!DOCTYPE html PUBLIC "-//W3C//DTD XHTML 1.0 Transitional//EN"
    "http://www.w3.org/TR/xhtml1/DTD/xhtml1-transitional.dtd">
<html xmlns="http://www.w3.org/1999/xhtml" xml:lang="en" lang="en">
 <head>
  <title>
</title>
<meta http-equiv="Content-Type" content="text/html;charset=utf-8" />
  <meta name='ocr-system' content='tesseract 3.04.00' />
  <meta name='ocr-capabilities' content='ocr_page ocr_carea ocr_par ocr_line ocrx_word'/>
</head>
<body>
  <div class='ocr_page' id='page_1' title='image "./satirespersius00wollgoog_0060.png"; bbox 0 0 2754 4380; ppageno 0'>
   <div class='ocr_carea' id='block_1_1' title="bbox 505 579 992 625">
    <p class='ocr_par' dir='ltr' id='par_1_1' title="bbox 505 579 992 625">
     <span class='ocr_line' id='line_1_1' title="bbox 505 579 992 625; baseline 0.012 -5"><span class='ocrx_word' id='word_1_1' title='bbox 505 579 612 621; x_wconf 71' lang='lat' dir='ltr'><strong>Puasu</strong></span> <span class='ocrx_word' id='word_1_2' title='bbox 631 581 744 622; x_wconf 72' lang='lat' dir='ltr'><strong>smus</strong></span> <span class='ocrx_word' id='word_1_3' title='bbox 767 583 924 625; x_wconf 78' lang='lat' dir='ltr'><strong>SECUNDA.</strong></span> <span class='ocrx_word' id='word_1_4' title='bbox 942 613 944 618; x_wconf 89' lang='lat'>-</span> <span class='ocrx_word' id='word_1_5' title='bbox 991 589 992 596; x_wconf 58' lang='lat'>¹</span> 
     </span>
    </p>
   </div>
   <div class='ocr_carea' id='block_1_2' title="bbox 210 1207 1217 3086">
    <p class='ocr_par' dir='ltr' id='par_1_2' title="bbox 212 1207 1028 1398">
     <span class='ocr_line' id='line_1_2' title="bbox 255 1207 940 1293; baseline 0.001 -24"><span class='ocrx_word' id='word_1_6' title='bbox 255 1207 289 1270; x_wconf 88' lang='lat' dir='ltr'><strong>Si</strong></span> <span class='ocrx_word' id='word_1_7' title='bbox 304 1208 358 1271; x_wconf 88' lang='lat' dir='ltr'><strong>tibi</strong></span> <span class='ocrx_word' id='word_1_8' title='bbox 370 1218 498 1271; x_wconf 80' lang='lat' dir='ltr'><strong>crateras</strong></span> <span class='ocrx_word' id='word_1_9' title='bbox 513 1209 642 1292; x_wconf 77' lang='lat' dir='ltr'>argenti,</span> <span class='ocrx_word' id='word_1_10' title='bbox 658 1209 821 1292; x_wconf 75' lang='lat' dir='ltr'><strong>incusaque</strong></span> <span class='ocrx_word' id='word_1_11' title='bbox 833 1210 940 1293; x_wconf 80' lang='lat' dir='ltr'><strong>pingui</strong></span> 
     </span>
     <span class='ocr_line' id='line_1_3' title="bbox 212 1314 1028 1398; baseline 0.001 -22"><span class='ocrx_word' id='word_1_12' title='bbox 212 1317 301 1376; x_wconf 90' lang='lat' dir='ltr'><strong>Auro</strong></span> <span class='ocrx_word' id='word_1_13' title='bbox 315 1314 396 1376; x_wconf 88' lang='lat' dir='ltr'><strong>dona</strong></span> <span class='ocrx_word' id='word_1_14' title='bbox 408 1315 515 1389; x_wconf 84' lang='lat' dir='ltr'><strong>feram,</strong></span> <span class='ocrx_word' id='word_1_15' title='bbox 530 1317 641 1377; x_wconf 87' lang='lat' dir='ltr'><strong>sudes:</strong></span> <span class='ocrx_word' id='word_1_16' title='bbox 662 1326 691 1378; x_wconf 86' lang='lat' dir='ltr'><strong>et</strong></span> <span class='ocrx_word' id='word_1_17' title='bbox 705 1326 823 1398; x_wconf 83' lang='lat' dir='ltr'>pectore</span> <span class='ocrx_word' id='word_1_18' title='bbox 836 1317 917 1379; x_wconf 86' lang='lat' dir='ltr'><strong>laevo</strong></span> <span class='ocrx_word' id='word_1_19' title='bbox 1026 1325 1028 1328; x_wconf 82' lang='lat'>&#39;</span> 
     </span>
    </p>

    <p class='ocr_par' dir='ltr' id='par_1_3' title="bbox 212 1420 925 1924">
     <span class='ocr_line' id='line_1_4' title="bbox 213 1420 925 1504; baseline 0.003 -24"><span class='ocrx_word' id='word_1_20' title='bbox 213 1420 359 1482; x_wconf 84' lang='lat' dir='ltr'><strong>Excutias</strong></span> <span class='ocrx_word' id='word_1_21' title='bbox 372 1431 494 1502; x_wconf 83' lang='lat' dir='ltr'><strong>guttas:</strong></span> <span class='ocrx_word' id='word_1_22' title='bbox 518 1420 614 1483; x_wconf 84' lang='lat' dir='ltr'><strong>laetari</strong></span> <span class='ocrx_word' id='word_1_23' title='bbox 628 1420 843 1504; x_wconf 82' lang='lat' dir='ltr'><strong>praetrepidum</strong></span> <span class='ocrx_word' id='word_1_24' title='bbox 857 1443 925 1483; x_wconf 68' lang='lat' dir='ltr'><strong>cor.</strong></span> 
     </span>
     <span class='ocr_line' id='line_1_5' title="bbox 214 1525 898 1608; baseline 0.004 -22"><span class='ocrx_word' id='word_1_25' title='bbox 214 1525 298 1587; x_wconf 92' lang='lat' dir='ltr'><strong>Hinc</strong></span> <span class='ocrx_word' id='word_1_26' title='bbox 311 1525 387 1587; x_wconf 89' lang='lat' dir='ltr'><strong>illud</strong></span> <span class='ocrx_word' id='word_1_27' title='bbox 399 1527 499 1601; x_wconf 78' lang='lat' dir='ltr'><strong>subiit,</strong></span> <span class='ocrx_word' id='word_1_28' title='bbox 513 1548 587 1588; x_wconf 86' lang='lat' dir='ltr'><strong>auro</strong></span> <span class='ocrx_word' id='word_1_29' title='bbox 601 1548 701 1588; x_wconf 84' lang='lat' dir='ltr'><strong>sacras</strong></span> <span class='ocrx_word' id='word_1_30' title='bbox 713 1527 795 1608; x_wconf 86' lang='lat' dir='ltr'><strong>&#39;quod</strong></span> <span class='ocrx_word' id='word_1_31' title='bbox 809 1537 898 1589; x_wconf 85' lang='lat' dir='ltr'><strong>ovato</strong></span> 
     </span>
     <span class='ocr_line' id='line_1_6' title="bbox 213 1631 906 1711; baseline 0.001 -19"><span class='ocrx_word' id='word_1_32' title='bbox 213 1631 363 1693; x_wconf 89' lang='lat' dir='ltr'><strong>Perducis</strong></span> <span class='ocrx_word' id='word_1_33' title='bbox 376 1631 479 1711; x_wconf 84' lang='lat' dir='ltr'><strong>facies,</strong></span> <span class='ocrx_word' id='word_1_34' title='bbox 492 1653 563 1694; x_wconf 89' lang='lat' dir='ltr'><strong>nam</strong></span> <span class='ocrx_word' id='word_1_35' title='bbox 576 1633 682 1694; x_wconf 83' lang='lat' dir='ltr'><strong>fratres</strong></span> <span class='ocrx_word' id='word_1_36' title='bbox 696 1632 771 1693; x_wconf 84' lang='lat' dir='ltr'><strong>inter</strong></span> <span class='ocrx_word' id='word_1_37' title='bbox 783 1632 906 1710; x_wconf 88' lang='lat' dir='ltr'><strong>ahenos,</strong></span> 
     </span>
     <span class='ocr_line' id='line_1_7' title="bbox 212 1734 902 1820; baseline 0.001 -24"><span class='ocrx_word' id='word_1_38' title='bbox 212 1735 339 1797; x_wconf 83' lang='lat' dir='ltr'><strong>Somnia</strong></span> <span class='ocrx_word' id='word_1_39' title='bbox 350 1735 461 1819; x_wconf 70' lang='lat' dir='ltr'><strong>pituita</strong></span> <span class='ocrx_word' id='word_1_40' title='bbox 472 1736 527 1817; x_wconf 90' lang='lat' dir='ltr'><strong>qui</strong></span> <span class='ocrx_word' id='word_1_41' title='bbox 541 1734 753 1820; x_wconf 85' lang='lat' dir='ltr'><strong>purgatissima</strong></span> <span class='ocrx_word' id='word_1_42' title='bbox 764 1735 902 1809; x_wconf 90' lang='lat' dir='ltr'><strong>mittunt,</strong></span> 
     </span>
     <span class='ocr_line' id='line_1_8' title="bbox 212 1840 888 1924; baseline -0.001 -21"><span class='ocrx_word' id='word_1_43' title='bbox 212 1842 370 1924; x_wconf 88' lang='lat' dir='ltr'><strong>Praecipui</strong></span> <span class='ocrx_word' id='word_1_44' title='bbox 383 1852 483 1916; x_wconf 87' lang='lat' dir='ltr'><strong>sunto,</strong></span> <span class='ocrx_word' id='word_1_45' title='bbox 498 1841 593 1921; x_wconf 86' lang='lat' dir='ltr'><strong>sitque</strong></span> <span class='ocrx_word' id='word_1_46' title='bbox 607 1840 667 1901; x_wconf 87' lang='lat' dir='ltr'><strong>illis</strong></span> <span class='ocrx_word' id='word_1_47' title='bbox 682 1861 773 1902; x_wconf 85' lang='lat' dir='ltr'><strong>aurea</strong></span> <span class='ocrx_word' id='word_1_48' title='bbox 785 1842 888 1902; x_wconf 87' lang='lat' dir='ltr'><strong>barba.</strong></span> 
     </span>
    </p>

    <p class='ocr_par' dir='ltr' id='par_1_4' title="bbox 210 1945 1217 2230">
     <span class='ocr_line' id='line_1_9' title="bbox 253 1945 1034 2028; baseline -0.001 -20"><span class='ocrx_word' id='word_1_49' title='bbox 253 1950 373 2009; x_wconf 85' lang='lat' dir='ltr'><strong>Aurum</strong></span> <span class='ocrx_word' id='word_1_50' title='bbox 388 1968 466 2008; x_wconf 86' lang='lat' dir='ltr'><strong>vasa</strong></span> <span class='ocrx_word' id='word_1_51' title='bbox 475 1946 507 2008; x_wconf 95' lang='lat' dir='ltr'>N</span> <span class='ocrx_word' id='word_1_52' title='bbox 510 1966 600 2023; x_wconf 86' lang='lat' dir='ltr'><strong>umae,</strong></span> <span class='ocrx_word' id='word_1_53' title='bbox 615 1946 816 2026; x_wconf 85' lang='lat' dir='ltr'><strong>Saturniaque</strong></span> <span class='ocrx_word' id='word_1_54' title='bbox 829 1945 949 2028; x_wconf 81' lang='lat' dir='ltr'><strong>impulit</strong></span> <span class='ocrx_word' id='word_1_55' title='bbox 962 1967 1034 2022; x_wconf 83' lang='lat' dir='ltr'><strong>aera,</strong></span> 
     </span>
     <span class='ocr_line' id='line_1_10' title="bbox 210 2050 1217 2133; baseline -0.001 -18"><span class='ocrx_word' id='word_1_56' title='bbox 210 2053 405 2133; x_wconf 81' lang='lat' dir='ltr'><strong>Vestalesque</strong></span> <span class='ocrx_word' id='word_1_57' title='bbox 418 2073 521 2129; x_wconf 87' lang='lat' dir='ltr'><strong>urnas,</strong></span> <span class='ocrx_word' id='word_1_58' title='bbox 535 2062 565 2113; x_wconf 92' lang='lat' dir='ltr'><strong>et</strong></span> <span class='ocrx_word' id='word_1_59' title='bbox 578 2052 711 2112; x_wconf 80' lang='lat' dir='ltr'><strong>Tuscum</strong></span> <span class='ocrx_word' id='word_1_60' title='bbox 726 2050 819 2112; x_wconf 87' lang='lat' dir='ltr'><strong>fictile</strong></span> <span class='ocrx_word' id='word_1_61' title='bbox 832 2061 939 2130; x_wconf 87' lang='lat' dir='ltr'><strong>mutat.</strong></span> <span class='ocrx_word' id='word_1_62' title='bbox 1175 2057 1217 2114; x_wconf 84' lang='grc'><strong>60</strong></span> 
     </span>
     <span class='ocr_line' id='line_1_11' title="bbox 213 2156 1007 2230; baseline -0.001 -11"><span class='ocrx_word' id='word_1_63' title='bbox 213 2158 241 2219; x_wconf 95' lang='grc' dir='ltr'><strong>Ο</strong></span> <span class='ocrx_word' id='word_1_64' title='bbox 257 2179 358 2220; x_wconf 86' lang='lat' dir='ltr'><strong>curvae</strong></span> <span class='ocrx_word' id='word_1_65' title='bbox 373 2159 404 2218; x_wconf 90' lang='lat' dir='ltr'><strong>in</strong></span> <span class='ocrx_word' id='word_1_66' title='bbox 418 2169 514 2218; x_wconf 89' lang='lat' dir='ltr'><strong>terras</strong></span> <span class='ocrx_word' id='word_1_67' title='bbox 527 2156 649 2230; x_wconf 71' lang='lat' dir='ltr'><strong>animae,</strong></span> <span class='ocrx_word' id='word_1_68' title='bbox 664 2167 694 2218; x_wconf 86' lang='lat' dir='ltr'><strong>ct</strong></span> <span class='ocrx_word' id='word_1_69' title='bbox 707 2156 872 2218; x_wconf 89' lang='lat' dir='ltr'><strong>coelestium</strong></span> <span class='ocrx_word' id='word_1_70' title='bbox 886 2157 1007 2218; x_wconf 88' lang='lat' dir='ltr'><strong>inanes!</strong></span> 
     </span>
    </p>

    <p class='ocr_par' dir='ltr' id='par_1_5' title="bbox 212 2261 1040 2348">
     <span class='ocr_line' id='line_1_12' title="bbox 212 2261 1040 2348; baseline -0.002 -22"><span class='ocrx_word' id='word_1_71' title='bbox 212 2266 297 2338; x_wconf 85' lang='lat' dir='ltr'><strong>Quid</strong></span> <span class='ocrx_word' id='word_1_72' title='bbox 305 2267 394 2348; x_wconf 87' lang='lat' dir='ltr'><strong>juvat</strong></span> <span class='ocrx_word' id='word_1_73' title='bbox 408 2263 482 2340; x_wconf 68' lang='lat' dir='ltr'><strong>hoc,¹</strong></span> <span class='ocrx_word' id='word_1_74' title='bbox 492 2261 611 2343; x_wconf 90' lang='lat' dir='ltr'><strong>templis</strong></span> <span class='ocrx_word' id='word_1_75' title='bbox 625 2272 745 2324; x_wconf 86' lang='lat' dir='ltr'><strong>nostros</strong></span> <span class='ocrx_word' id='word_1_76' title='bbox 758 2261 919 2324; x_wconf 84' lang='lat' dir='ltr'><strong>immittere</strong></span> <span class='ocrx_word' id='word_1_77' title='bbox 930 2283 1040 2335; x_wconf 88' lang='lat' dir='ltr'><strong>mores,</strong></span> 
     </span>
    </p>

    <p class='ocr_par' dir='ltr' id='par_1_6' title="bbox 210 2367 965 2450">
     <span class='ocr_line' id='line_1_13' title="bbox 210 2367 965 2450; baseline -0.005 -18"><span class='ocrx_word' id='word_1_78' title='bbox 210 2371 253 2432; x_wconf 88' lang='lat' dir='ltr'><strong>Et</strong></span> <span class='ocrx_word' id='word_1_79' title='bbox 266 2373 346 2432; x_wconf 87' lang='lat' dir='ltr'><strong>bona</strong></span> <span class='ocrx_word' id='word_1_80' title='bbox 361 2370 430 2430; x_wconf 92' lang='lat' dir='ltr'><strong>Diis</strong></span> <span class='ocrx_word' id='word_1_81' title='bbox 443 2391 481 2430; x_wconf 89' lang='lat' dir='ltr'><strong>ex</strong></span> <span class='ocrx_word' id='word_1_82' title='bbox 495 2367 554 2429; x_wconf 74' lang='lat' dir='ltr'><strong>hcc</strong></span> <span class='ocrx_word' id='word_1_83' title='bbox 568 2367 714 2430; x_wconf 74' lang='lat' dir='ltr'><strong>scelerati</strong></span> <span class='ocrx_word' id='word_1_84' title='bbox 728 2369 835 2429; x_wconf 85' lang='lat' dir='ltr'><strong>ducere</strong></span> <span class='ocrx_word' id='word_1_85' title='bbox 849 2367 965 2450; x_wconf 70' lang='lat' dir='ltr'><strong>pulpi?</strong></span> 
     </span>
    </p>

    <p class='ocr_par' dir='ltr' id='par_1_7' title="bbox 212 2473 897 2558">
     <span class='ocr_line' id='line_1_14' title="bbox 212 2473 897 2558; baseline -0.006 -20"><span class='ocrx_word' id='word_1_86' title='bbox 212 2478 293 2538; x_wconf 86' lang='lat' dir='ltr'><strong>Haec</strong></span> <span class='ocrx_word' id='word_1_87' title='bbox 306 2477 363 2538; x_wconf 87' lang='lat' dir='ltr'><strong>sibi</strong></span> <span class='ocrx_word' id='word_1_88' title='bbox 377 2485 513 2558; x_wconf 87' lang='lat' dir='ltr'><strong>corrupto</strong></span> <span class='ocrx_word' id='word_1_89' title='bbox 526 2475 639 2536; x_wconf 83' lang='lat' dir='ltr'><strong>casiam</strong></span> <span class='ocrx_word' id='word_1_90' title='bbox 653 2474 790 2535; x_wconf 84' lang='lat' dir='ltr'><strong>dissolvit</strong></span> <span class='ocrx_word' id='word_1_91' title='bbox 803 2473 897 2548; x_wconf 87' lang='lat' dir='ltr'><strong>clivo,</strong></span> 
     </span>
    </p>

    <p class='ocr_par' dir='ltr' id='par_1_8' title="bbox 212 2578 896 2644">
     <span class='ocr_line' id='line_1_15' title="bbox 212 2578 896 2644; baseline -0.004 -1"><span class='ocrx_word' id='word_1_92' title='bbox 212 2583 254 2644; x_wconf 89' lang='lat' dir='ltr'><strong>Et</strong></span> <span class='ocrx_word' id='word_1_93' title='bbox 267 2580 432 2643; x_wconf 80' lang='lat' dir='ltr'><strong>Calabrum</strong></span> <span class='ocrx_word' id='word_1_94' title='bbox 446 2581 527 2644; x_wconf 86' lang='lat' dir='ltr'><strong>coxit</strong></span> <span class='ocrx_word' id='word_1_95' title='bbox 540 2581 648 2642; x_wconf 86' lang='lat' dir='ltr'><strong>vitiato</strong></span> <span class='ocrx_word' id='word_1_96' title='bbox 661 2579 776 2641; x_wconf 89' lang='lat' dir='ltr'><strong>murice</strong></span> <span class='ocrx_word' id='word_1_97' title='bbox 790 2578 896 2640; x_wconf 88' lang='lat' dir='ltr'><strong>vellus.</strong></span> 
     </span>
    </p>

    <p class='ocr_par' dir='ltr' id='par_1_9' title="bbox 213 2685 1026 2766">
     <span class='ocr_line' id='line_1_16' title="bbox 213 2685 1026 2766; baseline -0.006 -18"><span class='ocrx_word' id='word_1_98' title='bbox 213 2688 293 2750; x_wconf 85' lang='lat' dir='ltr'><strong>Haec</strong></span> <span class='ocrx_word' id='word_1_99' title='bbox 307 2689 432 2749; x_wconf 88' lang='lat' dir='ltr'><strong>baccam</strong></span> <span class='ocrx_word' id='word_1_100' title='bbox 447 2687 572 2749; x_wconf 86' lang='lat' dir='ltr'><strong>conchae</strong></span> <span class='ocrx_word' id='word_1_101' title='bbox 588 2687 712 2762; x_wconf 83' lang='lat' dir='ltr'><strong>rasisse3</strong></span> <span class='ocrx_word' id='word_1_102' title='bbox 736 2694 765 2746; x_wconf 90' lang='lat' dir='ltr'><strong>et</strong></span> <span class='ocrx_word' id='word_1_103' title='bbox 778 2685 922 2766; x_wconf 85' lang='lat' dir='ltr'><strong>stringere</strong></span> <span class='ocrx_word' id='word_1_104' title='bbox 936 2704 1026 2744; x_wconf 86' lang='lat' dir='ltr'><strong>venas</strong></span> 
     </span>
    </p>

    <p class='ocr_par' dir='ltr' id='par_1_10' title="bbox 211 2789 895 2873">
     <span class='ocr_line' id='line_1_17' title="bbox 211 2789 895 2873; baseline -0.007 -18"><span class='ocrx_word' id='word_1_105' title='bbox 211 2794 367 2856; x_wconf 87' lang='lat' dir='ltr'><strong>Ferventis</strong></span> <span class='ocrx_word' id='word_1_106' title='bbox 381 2813 487 2854; x_wconf 83' lang='lat' dir='ltr'><strong>massae</strong></span> <span class='ocrx_word' id='word_1_107' title='bbox 502 2793 597 2853; x_wconf 89' lang='lat' dir='ltr'><strong>crudo</strong></span> <span class='ocrx_word' id='word_1_108' title='bbox 611 2792 648 2852; x_wconf 91' lang='lat' dir='ltr'><strong>de</strong></span> <span class='ocrx_word' id='word_1_109' title='bbox 663 2791 784 2873; x_wconf 86' lang='lat' dir='ltr'><strong>pulvere</strong></span> <span class='ocrx_word' id='word_1_110' title='bbox 792 2789 895 2870; x_wconf 86' lang='lat' dir='ltr'><strong>jussit.</strong></span> 
     </span>
    </p>

    <p class='ocr_par' dir='ltr' id='par_1_11' title="bbox 213 2892 1204 3086">
     <span class='ocr_line' id='line_1_18' title="bbox 213 2892 1204 2979; baseline -0.01 -17"><span class='ocrx_word' id='word_1_111' title='bbox 213 2901 326 2962; x_wconf 88' lang='lat' dir='ltr'><strong>Peccat</strong></span> <span class='ocrx_word' id='word_1_112' title='bbox 340 2909 369 2961; x_wconf 91' lang='lat' dir='ltr'><strong>et</strong></span> <span class='ocrx_word' id='word_1_113' title='bbox 381 2900 458 2971; x_wconf 86' lang='lat' dir='ltr'><strong>haec,</strong></span> <span class='ocrx_word' id='word_1_114' title='bbox 475 2909 598 2979; x_wconf 87' lang='lat' dir='ltr'><strong>peccat:</strong></span> <span class='ocrx_word' id='word_1_115' title='bbox 622 2897 696 2957; x_wconf 86' lang='lat' dir='ltr'><strong>vitio</strong></span> <span class='ocrx_word' id='word_1_116' title='bbox 708 2892 809 2956; x_wconf 82' lang='lat' dir='ltr'><strong>tamen</strong></span> <span class='ocrx_word' id='word_1_117' title='bbox 823 2894 929 2954; x_wconf 78' lang='lat' dir='ltr'><strong>utitur.</strong></span> <span class='ocrx_word' id='word_1_118' title='bbox 970 2894 1015 2953; x_wconf 86' lang='lat' dir='ltr'><strong>At</strong></span> <span class='ocrx_word' id='word_1_119' title='bbox 1029 2914 1093 2970; x_wconf 86' lang='lat' dir='ltr'><strong>vos,</strong></span> <span class='ocrx_word' id='word_1_120' title='bbox 1201 2913 1204 2924; x_wconf 60' lang='lat'>¹</span> 
     </span>
     <span class='ocr_line' id='line_1_19' title="bbox 213 2997 1012 3086; baseline -0.013 -19"><span class='ocrx_word' id='word_1_121' title='bbox 213 3007 326 3078; x_wconf 86' lang='lat' dir='ltr'><strong>Dicite,</strong></span> <span class='ocrx_word' id='word_1_122' title='bbox 341 2997 520 3086; x_wconf 82' lang='lat' dir='ltr'><strong>pontifices!</strong></span> <span class='ocrx_word' id='word_1_123' title='bbox 543 3005 574 3064; x_wconf 89' lang='lat' dir='ltr'><strong>in</strong></span> <span class='ocrx_word' id='word_1_124' title='bbox 588 3015 692 3065; x_wconf 87' lang='lat' dir='ltr'><strong>sancto</strong></span> <span class='ocrx_word' id='word_1_125' title='bbox 706 3000 780 3081; x_wconf 89' lang='lat' dir='ltr'><strong>quid</strong></span> <span class='ocrx_word' id='word_1_126' title='bbox 793 2999 866 3060; x_wconf 82' lang='lat' dir='ltr'><strong>facit</strong></span> <span class='ocrx_word' id='word_1_127' title='bbox 881 2999 1012 3059; x_wconf 77' lang='lat' dir='ltr'><strong>aurum?</strong></span> 
     </span>
    </p>
   </div>
   <div class='ocr_carea' id='block_1_3' title="bbox 0 0 1382 4380">
    <p class='ocr_par' dir='ltr' id='par_1_12' title="bbox 0 0 1382 4380">
     <span class='ocr_line' id='line_1_20' title="bbox 0 0 1382 4380; baseline 0 0"><span class='ocrx_word' id='word_1_128' title='bbox 0 0 1382 4380; x_wconf 95' lang='lat' dir='ltr'><strong> </strong></span> 
     </span>
    </p>
   </div>
  </div>
 </body>
</html>
