2750 4378
595 525 676 566 EPOD
699 523 841 564 nomn.

282 797 284 802 ,
343 732 416 795 “Et
430 732 569 814 inquietis
583 732 717 794 assidens
731 731 917 813 praeoordiis,

422 838 575 899 “Pavore
589 857 710 898 somnos
724 836 866 899 auferam.

343 949 363 1024 “.
373 944 437 1005 Vos
449 944 538 1004 turbe
551 943 675 1005 vicatim
687 942 759 1003 hino
772 952 801 1004 et
814 943 885 1004 hino
899 944 977 1004 sexis
991 952 1090 1024 petens

420 1054 440 1086 “
451 1050 624 1112 Contundet
639 1049 794 1111 obscoenas
808 1069 894 1112 onus.

342 1159 361 1190 “
373 1154 459 1232 Post,
473 1154 620 1236 insepulto
634 1155 767 1215 membra
780 1152 919 1216 different
933 1153 1005 1234 lupi,

422 1259 495 1321 “Et
509 1258 674 1341 Esquilinus
689 1259 792 1320 alites:
1161 1262 1220 1318 100

342 1363 483 1446 “Neque
497 1365 554 1425 hoo
567 1373 714 1445 parentes,
730 1363 788 1425 heu
800 1365 808 1424 t
830 1363 905 1425 mihi
919 1365 1100 1446 superstites,

422 1473 442 1508 “
454 1469 604 1553 Effugerit
617 1468 855 1551 spectaculum.’'

412 2075 514 2136 Eron.
529 2073 589 2134 VI.
632 2073 687 2134 Ao
703 2073 837 2136 Cossium
852 2071 1020 2134 Severum!

338 2278 422 2351 Quid
436 2279 624 2339 immerentes
637 2275 781 2358 hospites,
796 2297 898 2351 vexas,
914 2277 1005 2354 oanis,

418 2384 554 2466 Ignarus
567 2362 726 2444 sdversum
739 2382 826 2464 lupos
838 2383 862 2444 i

338 2489 420 2561 Quin
436 2490 495 2549 huo
509 2489 621 2562 inanes,
637 2487 662 2548 si
676 2497 770 2569 potes,
786 2487 879 2549 vertis
893 2489 1000 2563 mines,

417 2595 458 2654 Et
471 2615 519 2655 me
533 2615 734 2655 remorsurum
749 2593 848 2674 petis?

337 2699 430 2776 Nom,
444 2698 541 2778 qualis
554 2708 605 2759 aut
619 2698 783 2776 Molossus,
797 2707 850 2760 aut
863 2698 963 2760 fulvus
978 2697 1090 2773 Lnoori,

416 2802 526 2863 Amico
539 2803 586 2864 vis
600 2803 778 2884 pastoribus,

336 2911 439 2992 Agem
453 2929 505 2989 per
518 2908 603 2982 altas,
619 2929 691 2970 eure
705 2908 829 2984 sublate,
843 2909 936 2986 nives,

417 3013 614 3094 Quaeounqoe
627 3013 779 3094 praecedet
792 3013 864 3074 fers„

336 3119 392 3197 Tu,
406 3139 500 3200 quum
514 3118 646 3180 timendi
660 3139 733 3179 vooe
747 3116 903 3198 complesti
917 3139 1031 3194 nemus,

416 3225 589 3306 Projeotnm
603 3223 736 3284 odoraris
750 3222 861 3283 eibum.
1173 3230 1204 3285 10

10 3339 12 3422 ι

10 3427 12 3532 t

248 3461 261 3487 '⁸
287 3437 348 3504 This
361 3455 448 3518 Epode
466 3454 486 3503 is
506 3453 636 3504 addressed
654 3458 681 3502 to
700 3467 768 3502 some
786 3453 909 3517 oowsrdly
921 3453 1062 3510 slenderer3
1090 3453 1134 3502 but
1151 3454 1169 3502 it
1184 3453 1202 3502 is

214 3520 369 3648 moini?
386 3519 513 3570 thesaure
532 3517 560 3568 oi
577 3519 676 3569 cossus
696 3518 809 3578 Severus,
827 3519 900 3582 given
919 3525 946 3567 to
966 3519 993 3576 it,
1013 3517 1033 3569 is
1053 3518 1082 3566 oi
1097 3517 1201 3568 doubtioi
