2754 4380
465 591 570 632 Punsn
591 589 701 634 SA’l'IRA
722 589 845 630 TERTIA.

204 1230 299 1292 Haud
310 1228 366 1292 tibi
380 1227 565 1310 inexpertum
579 1247 688 1290 curvos
703 1227 881 1308 deprendere
894 1247 993 1288 mores
1005 1249 1014 1304 3

165 1334 303 1414 Quaeque
315 1333 404 1409 docet
418 1333 534 1413 sopiens
546 1331 692 1392 braccatis
705 1330 782 1392 illitu
796 1331 899 1392 Medis

164 1439 323 1501 Porticus:
343 1437 488 1499 insomnis
502 1436 609 1517 quibus
624 1447 653 1498 et
667 1437 791 1498 detonso
795 1437 940 1518 juventus

164 1544 321 1626 Invigilat,
337 1543 453 1624 siliquis
467 1553 496 1606 ct
514 1539 621 1625 grandi
635 1552 719 1626 pasto
733 1543 864 1626 polenta.

164 1649 206 1712 Et
221 1649 286 1726 tibi,
301 1669 370 1729 quae
386 1649 504 1711 Samios
518 1647 638 1712 diduxit
656 1647 868 1723 rimaranes,

164 1757 342 1837 Surgentem
357 1754 465 1815 dextro
479 1754 657 1819 monstravit
669 1751 763 1815 limite
776 1753 893 1815 collem.

205 1859 444 1922 Stertisadhuoi
462 1858 621 1939 luxumque
632 1869 723 1940 caput
737 1879 881 1940 compage
894 1857 991 1919 soluti

164 1967 284 2029 Oscitut
297 1965 478 2037 hesternum,
494 1961 616 2025 dissutis¹
629 1964 761 2044 undiquc
775 1963 887 2024 maiis?

164 2070 222 2133 Est
236 2070 350 2151 aliquid
363 2089 424 2150 quo
437 2067 545 2144 tendis,
558 2077 588 2128 ct
600 2067 630 2128 iu
646 2067 729 2148 quod
743 2067 848 2149 dirigis
862 2069 991 2130 orcum?
1123 2076 1162 2133 60

163 2178 216 2238 An
231 2175 342 2258 possim
356 2173 488 2255 sequeris
502 2193 610 2234 corvos
623 2172 757 2252 testique
767 2173 899 2254 lutoque,

165 2281 296 2343 Securus
309 2299 369 2360 quo
383 2299 435 2360 pes
448 2278 536 2356 ferat,
551 2287 640 2358 utque
650 2287 687 2338 e'x
700 2288 834 2360 tempore
847 2279 950 2342 vivis?

206 2385 405 2447 Helleborum
417 2384 538 2457 frustra,
554 2405 623 2446 cum
632 2381 697 2466 jum
712 2385 788 2447 cutis
802 2406 885 2469 segra
897 2387 1033 2466 tumebit,

166 2491 329 2554 Poscentcs
343 2491 457 2553 videus.
474 2543 476 2548 .
498 2489 640 2552 Venienti
653 2492 800 2553 occurrite
813 2493 928 2554 morbo.

166 2597 208 2659 Et
220 2599 295 2679 quid
309 2619 384 2679 opus
398 2599 522 2660 Cratero
535 2618 660 2680 magnos
674 2597 846 2678 promittere
860 2589 997 2660 montes?

168 2703 296 2778 Discite,
310 2703 338 2764 Ο
353 2703 468 2764 miserit
499 2711 527 2764 et
540 2722 644 2764 causas
658 2701 826 2784 cognoscite
840 2723 949 2780 rerum,

167 2809 252 2882 Quid
265 2828 379 2884 sumus,
393 2817 422 2868 et
434 2807 580 2887 quidnam
594 2807 705 2868 victuri
718 2806 891 2888 gignimur:
917 2809 991 2869 ordo

168 2915 246 2988 Quis
260 2914 346 2975 datus
359 2936 366 2973 z
390 2923 442 2975 aut
455 2920 544 2974 metae
558 2931 649 2992 quum
662 2909 761 2973 mollis
772 2911 879 2986 flexus,
895 2923 925 2974 et
938 2914 1027 2974 undae
1039 2937 1047 2974 ε
1058 2913 1085 2958 ‘⁰’

168 3018 246 3090 Quis
260 3018 367 3078 modus
380 3028 524 3100 argento:
551 3017 626 3098 quid
638 3017 684 3078 fus
697 3026 800 3098 optare
812 3039 820 3077 t
847 3017 920 3098 quid
934 3039 1019 3100 asper

166 3123 252 3184 Utile
264 3144 404 3188 nummus
418 3122 525 3184 habet:
543 3123 658 3204 patrie,
674 3123 811 3203 carisque
823 3122 997 3204 propinquis
1127 3133 1165 3190 70

168 3228 324 3300 Quantum
338 3228 460 3312 elargiri
472 3230 595 3290 deceat:
621 3249 712 3309 quem
726 3240 754 3289 te
769 3228 855 3290 Deus
868 3249 932 3290 esse

167 3332 190 3394 J
194 3335 286 3413 ussit3
308 3342 337 3397 ct
349 3333 482 3396 humoud
495 3332 555 3414 'qud
568 3342 651 3416 purte
664 3333 780 3396 locotus
794 3355 824 3396 es
838 3335 868 3394 in
883 3353 925 3394 re.
