2754 4380
509 603 615 642 Pnnsn
638 602 750 642 sumn
775 602 889 640 Palus.

512 1313 630 1375 summi
644 1312 782 1376 delumbe
795 1311 891 1375 salivi

189 1417 260 1479 Hoc
273 1427 358 1480 natat
371 1418 402 1480 in
415 1418 527 1497 labris3
549 1429 579 1480 et
592 1419 622 1480 in
637 1420 697 1480 udo
711 1429 755 1480 est
769 1419 899 1495 Maenas,
912 1427 943 1481 ct
957 1419 1040 1480 Attis
1053 1440 1062 1479 ε

190 1523 257 1586 Nec
271 1524 404 1606 pluteum
418 1524 523 1603 caedit,
537 1545 592 1586 nec
606 1525 757 1586 demorsos
770 1524 848 1605 sapit
862 1545 989 1608 ungues.

230 1633 277 1692 M.
301 1629 361 1692 Sed
375 1631 450 1712 quid
463 1651 539 1713 opus
550 1639 665 1690 teneras
679 1629 814 1690 mordaci
828 1629 933 1690 radere
946 1649 1018 1692 vero

188 1735 374 1796 Auriculas?
394 1735 530 1808 videsis,
545 1757 583 1797 ne
596 1736 747 1815 majorum
762 1732 819 1795 tibi
833 1733 911 1795 forte

191 1839 312 1902 Limina
325 1839 506 1923 frigescant:
530 1850 617 1902 sonat
630 1840 681 1900 hic
695 1840 733 1900 dc
745 1859 818 1900 nare
832 1838 940 1900 canini

188 1945 302 2006 Litora.
324 1946 371 2007 P.
389 1946 513 2008 Parme
527 1944 667 2026 equidem
681 1944 742 2006 sint
754 1944 857 2005 omnia
869 1945 1005 2025 protinus
1019 1945 1096 2006 alba.
1133 1948 1190 2005 110

188 2050 241 2111 Nil
254 2071 374 2110 moror:
397 2072 473 2130 euge
487 2071 601 2128 omncs,
614 2071 717 2111 omncs
730 2051 806 2111 bene
819 2050 905 2111 mirae
920 2049 1001 2110 eritis
1016 2071 1073 2111 res.
1186 2061 1189 2066 '

189 2157 260 2217 Hoc
268 2156 381 2237 juvati
401 2156 461 2234 hic,
474 2156 586 2237 inquis,
600 2165 670 2218 veto
684 2155 843 2237 quisquam
856 2154 933 2216 faxit
946 2155 1080 2232 oletum3
1186 2167 1189 2180 ’

187 2260 288 2343 Pinge
302 2261 378 2322 duos
391 2282 515 2344 angues.
559 2260 664 2338 Pueri,
678 2281 762 2322 sacer
775 2269 821 2322 est
833 2258 936 2320 locus:
958 2271 1042 2320 extra

186 2365 305 2429 Meiile.
347 2368 491 2429 Discedo.
534 2367 636 2430 Secuit
649 2367 785 2429 Lucilius
797 2367 903 2427 urbem
914 2389 924 2442 3

184 2473 240 2547 Tc,
256 2472 359 2555 Lupe3
381 2481 422 2549 te,
445 2472 547 2550 Muti3
569 2484 599 2534 et
613 2473 778 2556 genuinum
791 2471 882 2554 fregit
896 2472 927 2532 in
940 2471 1011 2533 illis.

184 2581 286 2642 Omna
300 2580 382 2642 vafer
396 2581 503 2641 vitium
517 2581 625 2642 ridenti
640 2581 766 2642 Flaccus
780 2578 879 2640 amico

185 2684 315 2768 Tangit:
339 2695 368 2747 et
381 2686 528 2747 admissus
542 2686 656 2747 circum
670 2685 840 2766 praecordia
853 2683 942 2760 ludi-t,

183 2789 322 2851 Callidus
336 2812 461 2852 excusso
475 2790 621 2873 populum
632 2789 813 2871 suspendere
826 2810 910 2851 naso.

186 2894 270 2956 Men'
281 2896 392 2957 mutire
400 2895 493 2969 nefas,
506 2915 561 2956 nec
567 2894 658 2967 clam,
669 2913 725 2953 nec
734 2913 804 2953 cum
815 2893 939 2954 scrobe?
954 2897 997 2954 Μ.
1010 2894 1182 2973 Nusquam.

185 2999 234 3061 P.
256 3000 320 3061 Hic
333 3009 433 3062 tamen
447 2999 613 3060 infodiam:
636 3003 658 3038 “
672 2997 755 3073 Vidi,
766 2997 835 3058 vide
848 2996 923 3078 ipse,
937 2998 1057 3060 lssiellc!
1126 3006 1182 3063 120

185 3113 209 3145 “
221 3105 384 3168 Auriculas
398 3105 473 3166 asini
486 3105 554 3185 quis
567 3125 626 3165 non
640 3103 730 3164 habet
739 3103 773 3163 l''
796 3102 869 3163 Hoc
882 3124 939 3186 ego
953 3115 1102 3186 opertum,
1189 3119 1191 3126 '

186 3209 259 3275 Hoc
272 3214 368 3276 ridere
381 3233 492 3288 mcum,
509 3223 570 3274 tam
584 3212 638 3288 nil,
654 3210 738 3272 nulls
752 3210 807 3272 tibi
822 3212 918 3273 vendo

185 3320 293 3382 [liade.
