2750 4378
570 594 653 636 BPOD
675 595 817 636 nouem.
885 599 894 612 ⁸

307 1075 360 1137 Ad
373 1076 431 1137 hoc
445 1075 603 1139 frementes
616 1086 769 1138 verterunt
781 1077 827 1137 bis
840 1075 921 1138 mille
933 1096 1023 1157 equos
1055 1075 1059 1084 ’

391 1180 487 1254 Galli,
503 1191 641 1242 canentes
656 1181 829 1243 Caesarem:

312 1283 540 1366 Hostiliumque
554 1286 679 1348 navium
693 1295 783 1368 portu
795 1284 889 1348 latent

389 1389 523 1472 Puppes,
539 1391 743 1453 sinistrorsum
758 1391 837 1452 eitae.

306 1497 344 1556 Ιὸ
359 1495 543 1579 Triumphe!
566 1507 599 1558 tu
613 1498 741 1558 moraris
756 1517 861 1558 aureos

387 1601 514 1677 Currus,
530 1613 560 1665 et
573 1603 701 1664 intactas
715 1603 823 1664 boves:

306 1707 344 1768 Ιὸ
358 1707 542 1790 Triumphe!
566 1729 620 1768 nee
634 1708 658 1770 J
660 1706 822 1788 ugurtbino
837 1726 937 1787 parem

388 1813 478 1874 Bello
491 1812 652 1894 reportasti
665 1812 774 1873 ducem
787 1833 794 1870 z

305 1917 414 1998 Neque
429 1917 620 1993 Africanum,
635 1916 685 1977 eui
699 1935 794 1996 super.
803 1913 1020 1996 Carthaginem

384 2022 491 2083 Virtus
504 2021 699 2103 sepulchrum
712 2019 856 2080 condidit.
1058 2019 1061 2028 ’

298 2125 392 2188 Terre
404 2126 541 2206 marique
556 2125 654 2185 vietus
668 2124 772 2198 hostis,
789 2124 907 2186 Punico

383 2229 528 2311 Lugubre
542 2229 675 2291 mutavit
689 2249 807 2311 sagum.

298 2336 364 2396 Aut
377 2334 427 2396 ille
442 2344 561 2395 centum
575 2333 707 2394 nubilem
722 2334 843 2397 Cretam
858 2336 993 2410 urbibus,

379 2439 485 2501 Ventis
499 2440 595 2500 iturus
608 2460 669 2500 nou
683 2439 745 2500 suis
757 2463 766 2516 3

299 2531 487 2608 Exercitates
501 2555 553 2604 aut
567 2543 641 2626 petit
659 2545 765 2625 Syrtes
780 2544 881 2619 Not0;

379 2650 446 2709 Aut
458 2648 554 2709 fertur
569 2648 683 2711 inserto
697 2649 784 2710 mari.

297 2753 479 2835 Capaeiores
492 2753 567 2814 affer
582 2754 652 2832 hue,
665 2775 749 2836 puer,
763 2754 903 2835 scyphos,

383 2857 517 2919 Erchia
531 2859 612 2936 vina,
626 2873 677 2920 aut
693 2861 817 2922 Lesbia:

296 2965 356 3028 Vel
371 2963 455 3045 quod
470 2963 614 3025 fluentem
628 2985 769 3026 nauseam
785 2973 931 3041 coerceat,

380 3069 491 3131 Metire
506 3069 591 3129 nobis
605 3069 792 3131 Caecubum·

187 3249 190 3256 Ι
297 3174 413 3268 Curam
426 3183 603 3256 metumque
618 3173 749 3236 Caesaris
764 3193 866 3236 verum
875 3175 967 3257 juvet
1016 3247 1029 3253 st
1132 3251 1138 3254 ..
1153 3250 1167 3256 ¹-

377 3278 472 3342 Dulei
488 3277 583 3360 Lyoeo
597 3277 721 3340 solvere.
