2750 4378
498 636 501 644 r
573 605 657 646 BPOD
678 606 822 646 HOM'l'll·

463 1163 567 1224 Enon.
591 1161 692 1224 XIII.
733 1161 788 1224 Ad
800 1165 932 1226 Amicos.

278 1345 414 1407 Horrida
426 1354 586 1426 tempestas
600 1344 712 1407 coelum
726 1346 886 1423 contraxit,
899 1354 929 1408 ct
942 1345 1052 1408 imbres

359 1450 513 1532 Nivesque
521 1451 674 1512 deducunt
680 1451 704 1512 J
706 1471 807 1512 ovem:
823 1469 903 1512 nunc
913 1449 1196 1528 mare,nuncsiluae‚

276 1554 414 1617 Threicio
427 1556 581 1636 Aquilone
595 1567 703 1618 sonant
715 1579 722 1616 :
740 1557 903 1639 rapiamus,
916 1557 1016 1635 amici,

359 1660 558 1723 Occasionem
572 1662 611 1723 de
624 1662 688 1732 die;
710 1664 841 1742 dumque
855 1663 954 1724 virent
967 1681 1077 1744 genua,

277 1769 316 1826 Et
329 1767 423 1842 decet,
436 1766 568 1828 obductd
581 1765 716 1828 solvatur
728 1767 827 1828 fronte
840 1778 986 1828 senectus.

357 1873 404 1934 Tu
418 1872 489 1935 vina
501 1872 655 1952 Torquato
669 1893 758 1934 move
773 1871 911 1934 Consule·
920 1893 1021 1954 pressa
1033 1892 1111 1934 meo.

277 1975 386 2038 Cetera
399 1977 485 2037 mitte
498 1975 602 2057 loqui:
627 1977 714 2038 Deus
728 1976 796 2039 haec
809 1977 934 2039 fortasse
948 1977 1077 2060 benigna

358 2083 496 2144 Reducet
509 2083 540 2142 in
553 2084 656 2145 sedem
669 2084 745 2146 vice.
788 2083 882 2144 Nunc
896 2093 926 2145 et
938 2083 1136 2145 Achaemenio
1207 2099 1209 2104 ·

279 2186 428 2248 Perlundi
441 2187 538 2248 nardo
547 2188 646 2268 juvat,
661 2196 691 2248 et
704 2187 766 2249 fide
781 2186 926 2269 Cyllenea

359 2292 474 2355 Levare
488 2291 562 2352 diris
576 2299 698 2373 pectora
711 2291 981 2354 sollicitudinibus:
1160 2295 1196 2353 10

278 2397 399 2459 Nobilis
412 2406 446 2459 ut
459 2397 568 2480 grandi
581 2398 689 2459 cecinit
703 2397 874 2460 Centaurus
887 2397 1025 2474 alumno;

359 2506 379 2540 ‘⁴
392 2502 509 2562 Invicte
521 2501 657 2563 mortalis
672 2501 741 2562 Dea
753 2510 822 2564 uate
834 2521 909 2584 puer
920 2500 1059 2579 Thetide,

200 2635 203 2644 ·
279 2615 301 2647 ‘⁴
310 2607 353 2668 'l'e
367 2616 468 2668 manet
481 2608 625 2668 Assaraci
637 2607 736 2681 tellus,
752 2627 843 2688 quam
854 2605 967 2689 frigida
979 2607 1066 2688 parvi

357 2716 377 2748 “
387 2711 521 2774 Findunt
529 2711 708 2774 Scamandri
718 2712 855 2788 flumina,
866 2711 998 2774 lubricus
1006 2720 1035 2773 et
1046 2711 1172 2774 Simois:

279 2825 301 2856 ‘⁶
314 2815 406 2877 Unde
419 2816 479 2876 tibs
492 2817 634 2891 reditum,
649 2827 732 2878 certo
744 2816 920 2895 subtemine,
932 2817 1040 2879 Parcae

355 2924 377 2959 ‘⁴
389 2921 508 3002 Rupere
515 2944 524 2998 3
545 2942 601 2984 nec
613 2932 711 2984 mater
724 2923 849 2984 domum
863 2921 976 2984 caerula
989 2931 1018 2983 te
1031 2923 1164 2984 revehet.

276 3032 296 3065 “
308 3026 378 3102 Illic
388 3049 476 3089 omne
488 3027 602 3089 malum
615 3029 687 3090 vinc
701 3039 850 3108 cantuque
861 3027 972 3107 levato,

357 3132 545 3195 “Deformis
559 3134 744 3217 oegrimoniae
760 3134 899 3196 dulcibus
913 3133 1083 3216 alloquiis.’'
