2750 4378
445 611 449 618 ’
516 604 621 644 Punsn
644 605 754 644 suumn
777 605 882 644 SEXTA·

189 1316 251 1378 Cor
260 1318 347 1399 jubet
364 1318 419 1379 hoo
434 1320 535 1381 Enni:
559 1329 721 1402 postquam
732 1321 890 1386 destertuit
904 1341 966 1384 esse
1153 1329 1187 1384 10

190 1421 368 1498 Maeonides,
384 1426 505 1504 quintus
519 1448 634 1508 pavone
648 1449 684 1488 ex
700 1427 904 1510 Pythagoreo.

188 1527 252 1588 Hic
267 1550 324 1610 ego
338 1550 458 1590 securus
472 1531 577 1612 vulgi3
600 1537 631 1591 ea
643 1531 717 1611 quid
732 1543 878 1612 praeparet
893 1540 995 1592 auster

189 1631 301 1692 Infelix
314 1634 433 1714 pecori:
457 1638 576 1696 securus
591 1646 620 1696 et
633 1638 761 1720 angulus
776 1637 826 1696 ille

186 1737 289 1798 Vicini
305 1748 403 1799 nostro
418 1739 489 1819 quia
501 1739 660 1822 pinguior:
684 1748 713 1800 et
728 1739 753 1800 si
767 1741 841 1801 adeo
856 1761 958 1800 omnes

188 1845 345 1905 Ditesoant
360 1843 416 1904 orti
430 1845 589 1926 pejoribus,
611 1867 705 1926 usque
721 1867 854 1908 recusem

187 1949 307 2011 Curvus
321 1950 360 2010 ob
374 1949 405 2009 id
419 1949 514 2008 minui
528 1949 619 2026 senio,
634 1960 686 2010 aut
701 1971 819 2012 ooenare
834 1951 896 2010 sine
911 1959 1001 2010 uncto
1013 1972 1021 2023 ;

188 2055 229 2114 Et
244 2056 363 2136 signum
378 2054 409 2113 in
422 2053 534 2134 vapidi
546 2075 619 2114 naso
634 2056 765 2137 tetigisse
780 2055 894 2137 lagena.

228 2159 386 2239 Diserepet
398 2157 444 2218 his
459 2159 545 2218 alius.
589 2158 746 2232 Geminos,
763 2161 941 2241 Horosoope
952 2161 959 2220 1
971 2143 1054 2222 'varo

187 2261 339 2322 Producis
352 2262 448 2344 genio.
491 2261 569 2322 Solis
583 2262 733 2324 natalibus
747 2263 857 2342 estqui

185 2365 295 2450 Tingat
308 2367 373 2427 olus
387 2368 500 2428 siecum
513 2365 612 2427 muria
630 2367 713 2428 vafer
727 2367 757 2428 in
771 2366 862 2431 calice
876 2368 986 2450 empta,
1145 2372 1183 2430 20

186 2471 256 2553 Ipse
270 2492 387 2533 sacrum
401 2473 531 2533 irrorans
545 2472 653 2553 patinae
668 2471 763 2553 piper.
807 2471 870 2532 Hic
885 2475 963 2534 bona
978 2475 1064 2534 dente

185 2577 324 2638 Grandia
337 2577 547 2658 magnanimus
560 2579 675 2660 peragit
688 2599 772 2659 puer.
816 2581 895 2640 Utar
909 2599 975 2661 ega,
991 2581 1087 2640 Utar:

185 2683 248 2742 Neo
262 2681 402 2742 rhombos
416 2683 482 2743 ideo
497 2682 611 2744 libertis
627 2703 737 2764 ponere
750 2683 863 2760 lautus,

185 2788 251 2848 Neo
266 2797 385 2848 tenuem
399 2786 490 2849 solers
505 2788 662 2847 turdarum
679 2788 765 2848 nosse
780 2788 917 2849 salivam.
1008 2813 1011 2819 ·

185 2893 285 2954 Messe
300 2904 384 2953 tenus
398 2891 518 2973 propria
534 2891 619 2968 vive3
644 2903 673 2954 et
686 2894 825 2976 granaria
838 2893 897 2966 (fas
912 2893 970 2973 est)

184 2998 307 3075 Emole;
330 2997 404 3077 quid
417 2999 554 3060 metuas?
574 3019 648 3059 oooa
656 3021 665 3076 3
687 3008 718 3060 et
731 3017 813 3080 seges
827 2997 920 3058 altera
934 2998 965 3056 in
979 2995 1070 3058 herba
1084 3006 1138 3056 est.
