<?xml version="1.0" encoding="UTF-8"?>
<!DOCTYPE html PUBLIC "-//W3C//DTD XHTML 1.0 Transitional//EN"
    "http://www.w3.org/TR/xhtml1/DTD/xhtml1-transitional.dtd">
<html xmlns="http://www.w3.org/1999/xhtml" xml:lang="en" lang="en">
 <head>
  <title>
</title>
<meta http-equiv="Content-Type" content="text/html;charset=utf-8" />
  <meta name='ocr-system' content='tesseract 3.04.00' />
  <meta name='ocr-capabilities' content='ocr_page ocr_carea ocr_par ocr_line ocrx_word'/>
</head>
<body>
  <div class='ocr_page' id='page_1' title='image "./satirespersius00wollgoog_0154.png"; bbox 0 0 2750 4378; ppageno 0'>
   <div class='ocr_carea' id='block_1_1' title="bbox 584 535 829 577">
    <p class='ocr_par' dir='ltr' id='par_1_1' title="bbox 584 535 829 577">
     <span class='ocr_line' id='line_1_1' title="bbox 584 535 829 577; baseline -0.012 0"><span class='ocrx_word' id='word_1_1' title='bbox 584 537 665 577; x_wconf 83' lang='lat' dir='ltr'><strong>EPOD</strong></span> <span class='ocrx_word' id='word_1_2' title='bbox 687 535 829 574; x_wconf 69' lang='lat' dir='ltr'>Hontnu.</span> 
     </span>
    </p>
   </div>
   <div class='ocr_carea' id='block_1_2' title="bbox 323 744 1038 1768">
    <p class='ocr_par' dir='ltr' id='par_1_2' title="bbox 327 744 917 932">
     <span class='ocr_line' id='line_1_2' title="bbox 327 744 917 826; baseline -0.002 -22"><span class='ocrx_word' id='word_1_3' title='bbox 327 744 398 805; x_wconf 89' lang='lat' dir='ltr'>Hoc</span> <span class='ocrx_word' id='word_1_4' title='bbox 414 745 552 808; x_wconf 86' lang='lat' dir='ltr'>delibutis</span> <span class='ocrx_word' id='word_1_5' title='bbox 567 747 631 806; x_wconf 79' lang='lat' dir='ltr'>ulte</span> <span class='ocrx_word' id='word_1_6' title='bbox 645 746 730 806; x_wconf 90' lang='lat' dir='ltr'>donis</span> <span class='ocrx_word' id='word_1_7' title='bbox 745 744 890 825; x_wconf 81' lang='lat' dir='ltr'>pellicem,</span> <span class='ocrx_word' id='word_1_8' title='bbox 913 818 917 826; x_wconf 31' lang='grc' dir='ltr'>Ι</span> 
     </span>
     <span class='ocr_line' id='line_1_3' title="bbox 407 849 735 932; baseline 0 -22"><span class='ocrx_word' id='word_1_9' title='bbox 407 849 548 930; x_wconf 66' lang='lat' dir='ltr'>Sei-pente</span> <span class='ocrx_word' id='word_1_10' title='bbox 561 851 639 932; x_wconf 85' lang='lat' dir='ltr'>fugit</span> <span class='ocrx_word' id='word_1_11' title='bbox 654 851 735 912; x_wconf 76' lang='lat' dir='ltr'>alite.</span> 
     </span>
    </p>

    <p class='ocr_par' dir='ltr' id='par_1_3' title="bbox 327 953 1038 1139">
     <span class='ocr_line' id='line_1_4' title="bbox 327 953 1038 1034; baseline -0.001 -20"><span class='ocrx_word' id='word_1_12' title='bbox 327 953 394 1015; x_wconf 88' lang='lat' dir='ltr'>Nec</span> <span class='ocrx_word' id='word_1_13' title='bbox 407 964 507 1014; x_wconf 75' lang='lat' dir='ltr'>tantus</span> <span class='ocrx_word' id='word_1_14' title='bbox 521 975 652 1033; x_wconf 81' lang='lat' dir='ltr'>unquam</span> <span class='ocrx_word' id='word_1_15' title='bbox 669 956 799 1015; x_wconf 83' lang='lat' dir='ltr'>siderum</span> <span class='ocrx_word' id='word_1_16' title='bbox 814 954 921 1014; x_wconf 83' lang='lat' dir='ltr'>insedit</span> <span class='ocrx_word' id='word_1_17' title='bbox 935 974 1038 1034; x_wconf 82' lang='lat' dir='ltr'>vapor,</span> 
     </span>
     <span class='ocr_line' id='line_1_5' title="bbox 406 1057 731 1139; baseline -0.009 -19"><span class='ocrx_word' id='word_1_18' title='bbox 406 1057 575 1120; x_wconf 80' lang='lat' dir='ltr'>Siticulosae</span> <span class='ocrx_word' id='word_1_19' title='bbox 590 1059 731 1139; x_wconf 81' lang='lat' dir='ltr'>Apulioe:</span> 
     </span>
    </p>

    <p class='ocr_par' dir='ltr' id='par_1_4' title="bbox 326 1163 958 1330">
     <span class='ocr_line' id='line_1_6' title="bbox 326 1163 958 1225; baseline -0.002 0"><span class='ocrx_word' id='word_1_20' title='bbox 326 1165 394 1225; x_wconf 85' lang='lat' dir='ltr'>Nec</span> <span class='ocrx_word' id='word_1_21' title='bbox 408 1183 514 1224; x_wconf 82' lang='lat' dir='ltr'>munus</span> <span class='ocrx_word' id='word_1_22' title='bbox 527 1163 659 1224; x_wconf 87' lang='lat' dir='ltr'>humeris</span> <span class='ocrx_word' id='word_1_23' title='bbox 673 1163 799 1224; x_wconf 83' lang='lat' dir='ltr'>efficacis</span> <span class='ocrx_word' id='word_1_24' title='bbox 816 1164 958 1224; x_wconf 83' lang='lat' dir='ltr'>Herculis</span> 
     </span>
     <span class='ocr_line' id='line_1_7' title="bbox 407 1268 695 1330; baseline -0.003 -2"><span class='ocrx_word' id='word_1_25' title='bbox 407 1268 518 1329; x_wconf 84' lang='lat' dir='ltr'>Inareit</span> <span class='ocrx_word' id='word_1_26' title='bbox 531 1268 695 1330; x_wconf 73' lang='lat' dir='ltr'>aestuosiuS.</span> 
     </span>
    </p>

    <p class='ocr_par' dir='ltr' id='par_1_5' title="bbox 323 1373 944 1558">
     <span class='ocr_line' id='line_1_8' title="bbox 323 1373 944 1453; baseline -0.003 -19"><span class='ocrx_word' id='word_1_27' title='bbox 323 1377 367 1434; x_wconf 91' lang='lat' dir='ltr'>At</span> <span class='ocrx_word' id='word_1_28' title='bbox 381 1373 494 1452; x_wconf 82' lang='lat' dir='ltr'>siquid</span> <span class='ocrx_word' id='word_1_29' title='bbox 508 1393 640 1452; x_wconf 80' lang='lat' dir='ltr'>unquam</span> <span class='ocrx_word' id='word_1_30' title='bbox 655 1373 712 1434; x_wconf 84' lang='lat' dir='ltr'>tole</span> <span class='ocrx_word' id='word_1_31' title='bbox 726 1373 944 1453; x_wconf 49' lang='lat' dir='ltr'>concupiverim</span> 
     </span>
     <span class='ocr_line' id='line_1_9' title="bbox 403 1477 829 1558; baseline -0.005 -18"><span class='ocrx_word' id='word_1_32' title='bbox 403 1478 426 1540; x_wconf 88' lang='lat' dir='ltr'><strong>J</strong></span> <span class='ocrx_word' id='word_1_33' title='bbox 429 1497 517 1538; x_wconf 81' lang='lat' dir='ltr'>oeose</span> <span class='ocrx_word' id='word_1_34' title='bbox 532 1477 696 1550; x_wconf 73' lang='lat' dir='ltr'>Maecenas,</span> <span class='ocrx_word' id='word_1_35' title='bbox 713 1498 829 1558; x_wconf 84' lang='lat' dir='ltr'>precor,</span> 
     </span>
    </p>

    <p class='ocr_par' dir='ltr' id='par_1_6' title="bbox 327 1582 909 1768">
     <span class='ocr_line' id='line_1_10' title="bbox 327 1582 909 1663; baseline 0.003 -21"><span class='ocrx_word' id='word_1_36' title='bbox 327 1582 455 1643; x_wconf 76' lang='lat' dir='ltr'>Manum</span> <span class='ocrx_word' id='word_1_37' title='bbox 470 1582 570 1662; x_wconf 80' lang='lat' dir='ltr'>puelle</span> <span class='ocrx_word' id='word_1_38' title='bbox 583 1584 688 1644; x_wconf 79' lang='lat' dir='ltr'>euovio</span> <span class='ocrx_word' id='word_1_39' title='bbox 702 1593 833 1663; x_wconf 81' lang='lat' dir='ltr'>opponat</span> <span class='ocrx_word' id='word_1_40' title='bbox 846 1593 909 1656; x_wconf 88' lang='lat' dir='ltr'>tuo,</span> 
     </span>
     <span class='ocr_line' id='line_1_11' title="bbox 403 1687 883 1768; baseline 0.002 -22"><span class='ocrx_word' id='word_1_41' title='bbox 403 1687 549 1746; x_wconf 64' lang='lat' dir='ltr'>Extremi</span> <span class='ocrx_word' id='word_1_42' title='bbox 563 1688 636 1748; x_wconf 91' lang='lat' dir='ltr'>etin</span> <span class='ocrx_word' id='word_1_43' title='bbox 652 1688 769 1768; x_wconf 69' lang='lat' dir='ltr'>spondi</span> <span class='ocrx_word' id='word_1_44' title='bbox 783 1689 883 1749; x_wconf 83' lang='lat' dir='ltr'>cubet.</span> 
     </span>
    </p>
   </div>
   <div class='ocr_carea' id='block_1_3' title="bbox 642 1916 758 1927">
    <p class='ocr_par' dir='ltr' id='par_1_7' title="bbox 642 1916 758 1927">
     <span class='ocr_line' id='line_1_12' title="bbox 642 1916 758 1927; baseline 0.009 -1"><span class='ocrx_word' id='word_1_45' title='bbox 642 1916 758 1927; x_wconf 36' lang='lat' dir='ltr'>——am</span> 
     </span>
    </p>
   </div>
   <div class='ocr_carea' id='block_1_4' title="bbox 507 2035 801 2122">
    <p class='ocr_par' dir='ltr' id='par_1_8' title="bbox 507 2035 801 2122">
     <span class='ocr_line' id='line_1_13' title="bbox 507 2035 801 2122; baseline 0 0"><span class='ocrx_word' id='word_1_46' title='bbox 507 2035 510 2042; x_wconf 82' lang='grc'><strong>’</strong></span> <span class='ocrx_word' id='word_1_47' title='bbox 615 2062 717 2122; x_wconf 58' lang='lat' dir='ltr'>nnn.</span> <span class='ocrx_word' id='word_1_48' title='bbox 742 2062 801 2122; x_wconf 86' lang='lat' dir='ltr'>1v.</span> 
     </span>
    </p>
   </div>
   <div class='ocr_carea' id='block_1_5' title="bbox 323 2254 954 3480">
    <p class='ocr_par' dir='ltr' id='par_1_9' title="bbox 329 2254 935 2432">
     <span class='ocr_line' id='line_1_14' title="bbox 329 2254 935 2336; baseline 0 -22"><span class='ocrx_word' id='word_1_49' title='bbox 329 2254 422 2334; x_wconf 84' lang='lat' dir='ltr'>Lupis</span> <span class='ocrx_word' id='word_1_50' title='bbox 436 2262 464 2313; x_wconf 90' lang='lat' dir='ltr'>et</span> <span class='ocrx_word' id='word_1_51' title='bbox 477 2254 563 2334; x_wconf 83' lang='lat' dir='ltr'>agnis</span> <span class='ocrx_word' id='word_1_52' title='bbox 576 2263 687 2332; x_wconf 74' lang='lat' dir='ltr'>quanta</span> <span class='ocrx_word' id='word_1_53' title='bbox 701 2254 804 2314; x_wconf 82' lang='lat' dir='ltr'>sortitb</span> <span class='ocrx_word' id='word_1_54' title='bbox 818 2255 935 2336; x_wconf 83' lang='lat' dir='ltr'>obtigit,</span> 
     </span>
     <span class='ocr_line' id='line_1_15' title="bbox 403 2356 837 2432; baseline 0.002 -15"><span class='ocrx_word' id='word_1_55' title='bbox 403 2357 515 2418; x_wconf 84' lang='lat' dir='ltr'>Tecum</span> <span class='ocrx_word' id='word_1_56' title='bbox 530 2356 603 2419; x_wconf 93' lang='lat' dir='ltr'>mihi</span> <span class='ocrx_word' id='word_1_57' title='bbox 618 2357 770 2418; x_wconf 85' lang='lat' dir='ltr'>discordia</span> <span class='ocrx_word' id='word_1_58' title='bbox 783 2367 837 2432; x_wconf 80' lang='lat' dir='ltr'>est,</span> 
     </span>
    </p>

    <p class='ocr_par' dir='ltr' id='par_1_10' title="bbox 323 2462 807 2648">
     <span class='ocr_line' id='line_1_16' title="bbox 323 2462 807 2544; baseline -0.002 -20"><span class='ocrx_word' id='word_1_59' title='bbox 323 2462 449 2544; x_wconf 73' lang='lat' dir='ltr'>lbericis</span> <span class='ocrx_word' id='word_1_60' title='bbox 463 2472 580 2544; x_wconf 84' lang='lat' dir='ltr'>peruste</span> <span class='ocrx_word' id='word_1_61' title='bbox 595 2462 716 2526; x_wconf 82' lang='lat' dir='ltr'>funibus</span> <span class='ocrx_word' id='word_1_62' title='bbox 731 2463 807 2523; x_wconf 81' lang='lat' dir='ltr'>lotus</span> 
     </span>
     <span class='ocr_line' id='line_1_17' title="bbox 405 2567 803 2648; baseline 0.003 -22"><span class='ocrx_word' id='word_1_63' title='bbox 405 2567 445 2627; x_wconf 90' lang='lat' dir='ltr'>Et</span> <span class='ocrx_word' id='word_1_64' title='bbox 458 2587 546 2627; x_wconf 84' lang='lat' dir='ltr'>crura</span> <span class='ocrx_word' id='word_1_65' title='bbox 559 2568 636 2628; x_wconf 82' lang='lat' dir='ltr'>dure</span> <span class='ocrx_word' id='word_1_66' title='bbox 651 2569 803 2648; x_wconf 85' lang='lat' dir='ltr'>compede.</span> 
     </span>
    </p>

    <p class='ocr_par' dir='ltr' id='par_1_11' title="bbox 324 2671 861 2858">
     <span class='ocr_line' id='line_1_18' title="bbox 324 2671 861 2752; baseline 0 -21"><span class='ocrx_word' id='word_1_67' title='bbox 324 2671 408 2732; x_wconf 82' lang='lat' dir='ltr'>Licet</span> <span class='ocrx_word' id='word_1_68' title='bbox 421 2673 562 2751; x_wconf 81' lang='lat' dir='ltr'>superbus</span> <span class='ocrx_word' id='word_1_69' title='bbox 576 2673 709 2734; x_wconf 83' lang='lat' dir='ltr'>ambules</span> <span class='ocrx_word' id='word_1_70' title='bbox 724 2672 861 2752; x_wconf 73' lang='lat' dir='ltr'>pecunib,</span> 
     </span>
     <span class='ocr_line' id='line_1_19' title="bbox 406 2775 840 2858; baseline 0.009 -25"><span class='ocrx_word' id='word_1_71' title='bbox 406 2775 540 2836; x_wconf 78' lang='lat' dir='ltr'>Fortuna</span> <span class='ocrx_word' id='word_1_72' title='bbox 553 2798 613 2837; x_wconf 90' lang='lat' dir='ltr'>non</span> <span class='ocrx_word' id='word_1_73' title='bbox 626 2787 721 2837; x_wconf 82' lang='lat' dir='ltr'>mutat</span> <span class='ocrx_word' id='word_1_74' title='bbox 734 2798 840 2858; x_wconf 76' lang='lat' dir='ltr'>genuS.</span> 
     </span>
    </p>

    <p class='ocr_par' dir='ltr' id='par_1_12' title="bbox 325 2880 901 3067">
     <span class='ocr_line' id='line_1_20' title="bbox 325 2880 901 2957; baseline -0.003 -16"><span class='ocrx_word' id='word_1_75' title='bbox 325 2880 467 2957; x_wconf 87' lang='lat' dir='ltr'>Videsne,</span> <span class='ocrx_word' id='word_1_76' title='bbox 481 2901 597 2942; x_wconf 82' lang='lat' dir='ltr'>sacrem</span> <span class='ocrx_word' id='word_1_77' title='bbox 612 2883 752 2943; x_wconf 81' lang='lat' dir='ltr'>metiente</span> <span class='ocrx_word' id='word_1_78' title='bbox 767 2893 796 2942; x_wconf 91' lang='lat' dir='ltr'>te</span> <span class='ocrx_word' id='word_1_79' title='bbox 811 2882 901 2953; x_wconf 83' lang='lat' dir='ltr'>viam,</span> 
     </span>
     <span class='ocr_line' id='line_1_21' title="bbox 405 2984 851 3067; baseline 0.002 -23"><span class='ocrx_word' id='word_1_80' title='bbox 405 2984 484 3045; x_wconf 84' lang='lat' dir='ltr'>Cum</span> <span class='ocrx_word' id='word_1_81' title='bbox 499 2987 543 3045; x_wconf 84' lang='lat' dir='ltr'>bis</span> <span class='ocrx_word' id='word_1_82' title='bbox 558 2998 604 3047; x_wconf 84' lang='lat' dir='ltr'>ter</span> <span class='ocrx_word' id='word_1_83' title='bbox 617 2987 754 3046; x_wconf 82' lang='lat' dir='ltr'>ulnarum</span> <span class='ocrx_word' id='word_1_84' title='bbox 769 2987 851 3067; x_wconf 68' lang='lat' dir='ltr'>togfi,</span> 
     </span>
    </p>

    <p class='ocr_par' dir='ltr' id='par_1_13' title="bbox 327 3090 883 3276">
     <span class='ocr_line' id='line_1_22' title="bbox 327 3090 883 3151; baseline -0.004 0"><span class='ocrx_word' id='word_1_85' title='bbox 327 3091 372 3151; x_wconf 92' lang='lat' dir='ltr'>Ut</span> <span class='ocrx_word' id='word_1_86' title='bbox 385 3110 437 3150; x_wconf 82' lang='lat' dir='ltr'>ora</span> <span class='ocrx_word' id='word_1_87' title='bbox 452 3100 549 3150; x_wconf 81' lang='lat' dir='ltr'>vertat</span> <span class='ocrx_word' id='word_1_88' title='bbox 562 3090 621 3151; x_wconf 91' lang='lat' dir='ltr'>huc</span> <span class='ocrx_word' id='word_1_89' title='bbox 635 3101 662 3150; x_wconf 88' lang='lat' dir='ltr'>et</span> <span class='ocrx_word' id='word_1_90' title='bbox 676 3090 735 3149; x_wconf 88' lang='lat' dir='ltr'>huc</span> <span class='ocrx_word' id='word_1_91' title='bbox 749 3091 883 3150; x_wconf 89' lang='lat' dir='ltr'>euntium</span> 
     </span>
     <span class='ocr_line' id='line_1_23' title="bbox 407 3194 772 3276; baseline 0 -22"><span class='ocrx_word' id='word_1_92' title='bbox 407 3194 572 3256; x_wconf 80' lang='lat' dir='ltr'>Liberrima</span> <span class='ocrx_word' id='word_1_93' title='bbox 586 3195 772 3276; x_wconf 79' lang='lat' dir='ltr'>indignatio?</span> 
     </span>
    </p>

    <p class='ocr_par' dir='ltr' id='par_1_14' title="bbox 328 3299 954 3480">
     <span class='ocr_line' id='line_1_24' title="bbox 328 3299 954 3382; baseline -0.006 -20"><span class='ocrx_word' id='word_1_94' title='bbox 328 3306 349 3340; x_wconf 87' lang='lat'><strong>“</strong></span> <span class='ocrx_word' id='word_1_95' title='bbox 368 3300 473 3362; x_wconf 81' lang='lat' dir='ltr'>Sectus</span> <span class='ocrx_word' id='word_1_96' title='bbox 488 3300 617 3382; x_wconf 85' lang='lat' dir='ltr'>flagellis</span> <span class='ocrx_word' id='word_1_97' title='bbox 631 3300 680 3359; x_wconf 89' lang='lat' dir='ltr'>hic</span> <span class='ocrx_word' id='word_1_98' title='bbox 695 3299 954 3375; x_wconf 83' lang='lat' dir='ltr'>Triumviralibus,</span> 
     </span>
     <span class='ocr_line' id='line_1_25' title="bbox 405 3403 824 3480; baseline -0.002 -16"><span class='ocrx_word' id='word_1_99' title='bbox 405 3409 425 3444; x_wconf 87' lang='lat'>“</span> <span class='ocrx_word' id='word_1_100' title='bbox 439 3404 594 3465; x_wconf 81' lang='lat' dir='ltr'>Praeconie</span> <span class='ocrx_word' id='word_1_101' title='bbox 608 3404 646 3464; x_wconf 90' lang='lat' dir='ltr'>ad</span> <span class='ocrx_word' id='word_1_102' title='bbox 660 3403 824 3480; x_wconf 84' lang='lat' dir='ltr'>fastidium,</span> 
     </span>
    </p>
   </div>
   <div class='ocr_carea' id='block_1_6' title="bbox 0 0 1405 4378">
    <p class='ocr_par' dir='ltr' id='par_1_15' title="bbox 0 0 1405 4378">
     <span class='ocr_line' id='line_1_26' title="bbox 0 0 1405 4378; baseline 0 0"><span class='ocrx_word' id='word_1_103' title='bbox 0 0 1405 4378; x_wconf 95' lang='lat' dir='ltr'> </span> 
     </span>
    </p>
   </div>
  </div>
 </body>
</html>
