2754 4380
490 559 595 618 nausii
617 576 727 616 saurus
749 575 881 621 coruus.

629 1082 715 1144 Tunc
728 1082 828 1144 fellere
840 1083 933 1144 solers

189 1188 341 1271 Apposita
353 1188 477 1249 intortos
490 1187 623 1249 extendit
637 1188 739 1270 regula
753 1208 866 1262 mores;

191 1299 230 1358 Et
243 1294 387 1376 premitur
401 1293 516 1354 ratione
530 1293 657 1366 animus,
673 1292 813 1372 vincique
827 1292 951 1371 laborat,

189 1400 407 1479 Artificemque
420 1409 472 1460 tuo
486 1397 573 1459 ducit
585 1397 639 1459 sub
653 1396 761 1478 pollice
774 1396 902 1458 vultum.
1149 1400 1190 1458 40

189 1506 304 1567 Tecum
317 1505 428 1567 etenim
441 1503 549 1586 longos
563 1503 687 1564 memini
701 1523 874 1564 consumere
887 1503 983 1580 soles3

191 1612 232 1672 Et
244 1621 345 1674 tecum
358 1611 469 1692 primas
482 1608 576 1692 epulis
590 1609 746 1690 decerpere
758 1617 871 1670 noctes.

191 1717 297 1778 Unum
310 1737 395 1797 opus,
409 1725 439 1777 et
453 1716 584 1795 requiem
598 1714 710 1794 pariter
722 1713 910 1795 disponimus
924 1713 1032 1789 ambo,

189 1825 292 1903 Atque
305 1819 475 1884 verecundi
487 1820 624 1881 laxemus
637 1819 714 1880 seria
727 1819 839 1881 mensi.
864 1824 868 1832 '

191 1927 264 1988 Non
278 1926 418 2006 equidem
432 1925 490 1986 hoc
504 1924 623 1985 dubites
638 1925 795 1985 amborum
807 1924 921 1986 foedere
934 1934 1016 1986 certo

190 2031 367 2106 Consentire
380 2030 456 2104 dies,
471 2039 500 2091 et
514 2030 551 2089 ab
564 2049 626 2089 uno
640 2030 737 2090 sidere
751 2030 832 2090 duci.

191 2136 304 2197 Nostra
317 2135 365 2196 vel
380 2134 491 2214 aequali
505 2134 659 2214 suspendit
675 2143 809 2214 tempora
823 2134 915 2195 Libra

192 2240 293 2302 Parca
306 2247 396 2300 tenax
411 2237 493 2313 veri,
516 2258 567 2298 seu
582 2247 653 2299 neta
666 2238 807 2299 fidelibus
821 2238 897 2300 hora

192 2345 312 2407 Dividit
324 2346 355 2405 in
370 2344 516 2405 Geminos
531 2345 691 2405 concordia
703 2345 765 2404 fata
777 2345 906 2405 duorum
917 2369 927 2421 ;

192 2448 414 2530 Saturnumque
426 2469 550 2530 gravem
564 2457 667 2509 nostro
680 2449 763 2510 Jove
777 2448 944 2530 frangimus
959 2448 1028 2510 una.
1151 2454 1192 2510 50

192 2555 305 2619 Nescio
319 2556 401 2636 quod
415 2557 497 2616 certe
510 2564 566 2627 est,
580 2554 664 2634 quod
678 2575 726 2614 me
739 2555 793 2615 tibi
806 2564 962 2635 temperat,
977 2564 1101 2616 ostrum.

232 2659 321 2721 Mille
333 2659 490 2721 hominum
504 2660 627 2742 species,
641 2668 671 2720 et
685 2680 786 2720 rerum
801 2659 930 2720 discolor
944 2680 1033 2720 usus:

190 2763 278 2826 Velle
291 2786 379 2826 suum
394 2766 501 2844 cuique
514 2774 567 2842 est,
582 2786 637 2826 nec
650 2775 722 2826 voto
737 2764 848 2827 vivitur
862 2785 932 2827 uno.

192 2869 348 2930 Mercibus
361 2868 411 2930 hic
425 2868 512 2930 Italis
526 2877 630 2942 mutat,
646 2870 701 2930 sub
715 2868 775 2931 sole
789 2871 911 2943 recenti,

191 2975 351 3056 Rugosum
366 2971 460 3053 piper,
475 2981 505 3034 et
519 2973 655 3054 pallentis
670 2995 764 3057 grana
778 2975 911 3053 cumini3

193 3080 256 3140 Hic
269 3087 362 3152 satur,
378 3076 492 3158 irriguo
505 3077 621 3138 mavult
635 3087 805 3162 turgescere
817 3101 942 3156 somno,

192 3183 255 3243 Hic
270 3202 378 3265 campo
392 3181 545 3264 indulget3
570 3181 652 3245 hunc
666 3185 731 3245 alea
745 3186 904 3266 decoquit;
926 3186 977 3247 ille

190 3290 226 3350 In
240 3289 389 3350 Venerem
403 3297 520 3370 putret:
543 3289 596 3350 sed
609 3310 678 3350 cum
691 3291 829 3372 lapidosa
842 3290 982 3374 chiragra

192 3392 327 3474 Fregerit
340 3392 491 3469 articulos,
504 3394 611 3455 veteris
624 3395 749 3456 ramalia
762 3396 835 3477 fugi,

190 3497 277 3558 Tunc
291 3519 406 3560 crassos
420 3501 558 3560 transisse
572 3501 645 3573 dies,
658 3501 815 3584 lucemque
829 3503 1002 3585 palustrem,
1152 3508 1192 3566 60

192 3600 234 3663 Et
248 3601 304 3663 sibi
312 3603 379 3685 jam
394 3603 451 3666 seri
465 3605 558 3667 vitam
573 3605 743 3689 ingemuere
758 3607 902 3670 relictam.
