2750 4378
512 595 617 636 rursu
638 597 747 638 strum
770 599 900 644 Qulre'rr.

603 1313 746 1393 Assigna,
762 1310 879 1388 Marce,
892 1309 1034 1372 tabellas:

206 1415 285 1478 Haec
299 1437 381 1478 mera
395 1417 548 1480 Libertas!
577 1417 634 1478 hoc
647 1418 732 1476 nobis
746 1417 824 1498 pilea
837 1417 966 1477 donanti

245 1527 266 1561 ‘⁴
277 1525 328 1584 An
342 1524 501 1604 quisquam
516 1533 559 1584 est
573 1523 649 1584 alius
662 1523 747 1596 liber,
763 1522 821 1582 nisi
836 1523 944 1583 ducere
957 1523 1051 1584 vitam

203 1632 222 1665 “
236 1627 296 1689 cui
308 1629 378 1689 licet
391 1638 426 1689 ut
439 1627 555 1690 voluit?
575 1627 647 1688 licet
659 1637 694 1686 ut
707 1627 777 1688 volo
791 1628 903 1704 virere,
917 1647 978 1687 non
993 1627 1050 1686 sim

204 1741 226 1773 “
239 1733 375 1796 Liberior
388 1734 512 1796 Bruto?
523 1733 540 1760 ’²
583 1741 604 1774 “
615 1733 762 1794 Mendose
776 1731 926 1814 colligis,''
941 1731 1040 1812 inquit

204 1839 321 1901 Stoicus
334 1840 395 1917 hic,
409 1859 512 1900 aurem
525 1839 662 1899 mordaci
676 1837 756 1898 lotus
770 1849 861 1899 aceto.

203 1949 305 2006 “Hoc
318 1944 466 2026 reliquum
479 1944 614 2025 accipio:
635 1943 707 2004 licet
720 1942 806 2016 illud,
822 1951 862 2020 et,
876 1951 911 2002 ut
924 1940 1004 2018 volo,
1017 1939 1123 2001 tolle.’'

202 2054 223 2088 “
233 2049 378 2110 vindicte
391 2060 550 2131 postquam
563 2069 642 2109 meus
656 2069 674 2109 a
687 2057 816 2128 praetore
829 2047 947 2118 recessi,

200 2160 222 2191 “
233 2154 297 2216 Cur
310 2155 385 2215 mihi
398 2177 460 2216 non
473 2157 571 2229 liceat,
583 2155 676 2238 jussit
688 2155 892 2235 quodcunque
905 2152 1063 2229 voluntas3

200 2265 221 2296 “
234 2259 370 2342 Excepto
383 2260 496 2340 siquid
510 2261 628 2320 Masuri
642 2259 763 2320 rubrica
776 2257 912 2318 vetavit?
924 2257 942 2284 ''
1163 2259 1203 2316 90

242 2365 355 2442 Disce3
377 2367 430 2426 sed
442 2370 488 2426 ira
501 2367 589 2426 cadat
601 2385 683 2441 naso,
697 2383 867 2446 rugosaque
881 2382 985 2439 sanna,

201 2473 287 2533 Dum
301 2483 413 2536 veteres
427 2475 509 2536 avias
524 2475 578 2535 tibi
593 2475 630 2535 de
644 2473 785 2555 pulmone
800 2469 923 2534 revello.

200 2571 232 2631 N
234 2591 273 2630 on
287 2572 424 2652 praetoris
436 2582 511 2645 eret,
526 2573 622 2632 stultis
635 2573 706 2632 dare
719 2572 821 2632 tenuia
835 2591 935 2631 rerum

200 2675 319 2753 Officia,
332 2686 423 2756 atque
436 2697 523 2736 usum
538 2677 652 2758 rapidae
667 2676 839 2757 permittere
853 2677 943 2750 vitae3

200 2777 381 2840 Sambucam
396 2781 486 2842 citius
502 2781 600 2842 caloni
614 2781 760 2862 aptaveris
775 2779 845 2841 alto.

198 2882 264 2945 stat
276 2893 381 2945 contra
393 2885 494 2962 Ratio,
507 2895 539 2946 et
553 2895 695 2946 secretam
710 2884 805 2967 garrit
818 2885 850 2944 in
865 2904 980 2958 aurem,

199 2988 248 3048 Ne
260 2986 350 3050 liceat
362 2987 460 3050 facere
474 2989 516 3062 id,
532 2991 614 3068 quod
628 2990 695 3069 quis
708 2989 827 3050 vitiabit
840 2989 969 3071 agendo.

199 3092 329 3154 Publica
342 3093 390 3155 lex
404 3093 559 3154 hominum
572 3103 737 3174 naturaque
751 3094 885 3156 continet
900 3093 958 3154 hoc
971 3093 1028 3167 fes,

198 3197 245 3258 Ut
258 3206 356 3260 teneat
370 3199 479 3260 vetitos
492 3198 613 3260 inscitia
627 3199 733 3260 debilis
747 3209 842 3260 actus.

197 3304 299 3366 Diluis
312 3303 496 3365 helleborum
510 3314 591 3365 certo
605 3325 794 3384 compescere
809 3312 921 3384 puncto
971 3383 976 3393 Ι
1144 3305 1201 3363 100

198 3409 328 3472 Nescius
341 3410 485 3472 examen?
506 3418 589 3472 vetat
602 3409 660 3472 hoc
674 3419 783 3472 natura
797 3408 948 3470 medendi.
