2750 4378
584 619 666 662 EPOD
688 619 831 664 nomn·

323 1136 416 1208 Quod
430 1136 542 1196 simois
556 1135 696 1196 inaesinst
708 1137 885 1217 praeeordiis

404 1241 511 1302 Libera
523 1239 601 1318 bilis,
615 1249 650 1301 ut
662 1239 730 1302 baec
743 1241 861 1324 ingrnla
874 1242 972 1304 lentis
986 1243 1102 1315 dividet

324 1347 481 1420 Fomenta,
496 1345 606 1407 vulnus
619 1346 663 1407 nil
677 1347 791 1418 melum
805 1348 958 1425 levantio3

404 1452 530 1514 Desinet
543 1449 706 1532 imparibus
720 1447 835 1513 certare
848 1439 1014 1514 suminbins
1028 1453 1137 1534 pudor.

323 1556 387 1618 Ubi
399 1555 466 1618 haec
480 1557 600 1617 severis
613 1559 643 1617 te
656 1555 755 1637 palam
769 1556 972 1634 londave'ra'm,

403 1663 427 1724 J
429 1662 515 1723 ussu's
529 1661 612 1724 obire
624 1656 760 1741 domum,
774 1663 1018 1724 l'erebsi'in'c'erlo
1031 1653 1107 1744 pede
1159 1665 1201 1722 20

322 1769 375 1830 Ad
389 1788 448 1828 non
462 1767 576 1828 amicos
588 1767 666 1830 hcui
682 1768 757 1829 mihi
771 1771 880 1850 postes,
894 1776 924 1829 et
935 1767 1015 1829 heul

402 1873 523 1934 Limina
537 1872 622 1951 diro,
635 1873 744 1954 quibus
757 1869 876 1934 lnmb'os
890 1872 1042 1956 ei'infrcgi
1055 1873 1144 1934 latus.

322 1982 414 2044 Nunc
428 1977 584 2064 gloriantis
598 1981 764 2063 quamlibet
776 1978 1003 2044 mulierculam
1028 1993 1030 2008 '
1060 1991 1062 2000 ’

398 2087 527 2147 Vincere
539 2085 678 2164 similini,
692 2087 777 2148 ‘amor
791 2085 913 2166 Lycisci
926 2105 974 2148 me
988 2093 1088 2148 tenet:

321 2191 412 2254 Unde
425 2183 564 2272 expedire
578 2181 638 2250 non
652 2184 819 2251 amicornm
834 2193 943 2270 ‘queant
1011 2203 1014 2216 ’

403 2295 512 2356 Libera
525 2293 660 2370 consilio,
675 2313 731 2355 nec
747 2295 941 2357 contumeliae‘
950 2311 1074 2378 gisnes:

200 2386 230 2430 ²⁸
319 2400 379 2464 Sed
392 2379 468 2462 olins
481 2399 583 2474 ardor,
599 2394 770 2480 sulpuellae
786 2387 934 2474 candidis,
1022 2405 1026 2420 '

397 2507 463 2567 Aut
476 2503 575 2567 teretis
589 2499 673 2587 pueri
686 2497 809 2588 longam
824 2493 995 2566 renodsniis
1009 2526 1139 2602 comem.

264 2701 427 2754 Note-'Ibe
438 2699 630 2751 indiscrimincie
646 2706 736 2750 nature
752 2700 780 2749 oi
792 2701 837 2750 tho
852 2706 931 2765 poet’s
942 2703 1048 2765 passion,
1060 2702 1140 2752 which
1151 2702 1197 2752 tho

197 2809 312 2844 manners
323 2793 372 2842 ond
383 2792 465 2842 habits
476 2793 503 2854 oi
516 2792 560 2840 the
571 2791 645 2842 times
656 2792 681 2840 in
693 2789 773 2840 which
784 2791 817 2840 he
834 2790 900 2841 lived
915 2791 1044 2850 tolereted,
1056 2793 1105 2842 and
1115 2792 1198 2843 which

198 2899 302 2949 uppem
312 2883 338 2932 in
349 2883 392 2933 the
402 2882 487 2932 fourth
496 2882 545 2932 cnd
553 2881 596 2930 ibe
607 2881 655 2932 lest
667 2881 704 2930 six
715 2880 778 2932 lines
786 2881 814 2930 oi
826 2880 876 2930 ibis
892 2881 979 2946 epodo,
996 2881 1021 2930 in
1032 2882 1075 2932 ibe
1086 2881 1198 2946 original,

199 2977 220 3026 is
232 2973 365 3026 coneenled
375 2973 400 3023 in
414 2971 457 3021 the
469 2969 624 3048 transistion.

641 3183 779 3193 ρ----.-

398 3359 499 3420 Eron.
517 3357 599 3418 XII.
635 3357 674 3417 In
689 3378 780 3418 anum
793 3354 992 3417 libidinosam.
